1852 3308
482 236 1105 280 ANDREAESCHOTTI.
1472 237 1544 278 xix

0 391 1 397 ,
58 351 271 413 Deoeno,
293 353 405 407 heu,
429 353 581 399 natali
603 352 787 399 Christi
812 352 1011 398 Domini
1033 367 1110 398 an.
1137 351 1380 398 MDCXI.
1403 353 1545 399 terris

0 420 4 424 ⁵
59 431 251 485 «leuato,
289 429 418 477 caelis
455 435 616 476 autem
657 436 840 485 renato,
875 436 926 475 et
962 429 1224 476 immaturo
1264 430 1402 476 nobis
1442 430 1546 475 fato

58 514 174 555 ante
194 507 324 556 diem
354 514 533 568 erepto,
556 509 672 555 dum
697 508 1006 568 Apostolium
1032 507 1334 568 Byzantium
1368 508 1427 553 de
1453 507 1546 554 Pa-

60 585 260 640 roemiis,
290 587 441 646 duplo
474 601 621 646 quam
657 585 864 632 Basileae
895 585 1026 646 typis
1053 585 1288 647 Hervagii
1319 586 1424 646 ejus
1454 600 1546 631 sae-

60 662 158 712 culi
213 663 626 711 MDXXXVIII.
674 663 795 708 exiit
851 662 1129 716 auctiorem,
1187 678 1264 708 me
1319 663 1545 709 hortante

2 767 4 770 >
57 740 286 795 maxillae,
321 741 541 787 emittere
578 740 786 803 cogitat:
836 741 919 786 sed
965 740 1213 793 heredum,
1251 745 1307 785 ut
1341 746 1456 799 opto
1495 745 1545 785 et

56 832 215 878 spero,
236 834 397 879 opera,
421 821 575 865 lucem
600 825 852 879 postumus
884 823 1052 877 partus
1083 816 1295 876 aspiciet.
1366 816 1546 878 Dioge-

58 895 206 943 niano
228 902 389 942 autem
408 897 574 943 Suidae
593 895 910 956 appendimus
928 893 1275 947 testimonium,
1291 895 1544 954 locumque

0 973 9 1014 Ξ
57 980 340 1034 corruptum
363 974 655 1029 sanavimus,
666 980 725 1020 ut
742 988 831 1033 pro
851 969 942 1033 περὶ
965 975 1152 1031 ποταμῶν
1170 970 1318 1031 (quod
1330 972 1436 1032 jam
1461 987 1546 1017 an-

58 1055 328 1106 tecesserat,
363 1052 626 1112 putideque
665 1052 823 1097 denuo
858 1049 1210 1109 inculcabatur)
1247 1048 1543 1108 reposuerim

0 1142 5 1166 ὲ
57 1123 147 1190 περὶ
170 1131 430 1190 Παροιμιῶυε
466 1129 544 1175 cui
566 1130 856 1190 conjecturae
879 1126 1075 1180 eruditi,
1098 1126 1183 1186 qui
1216 1142 1315 1172 rem
1345 1126 1544 1186 propius

57 1204 372 1266 inspexerint,
394 1207 565 1266 pollice
599 1213 806 1266 utroque
828 1205 1091 1259 favebunt;
1128 1204 1544 1263 observabuntque

61 1281 390 1330 Historiarum
426 1284 592 1331 Suidae
627 1285 939 1343 interpretem
971 1298 1068 1328 non
1100 1288 1227 1328 recte
1251 1281 1320 1327 ibi
1345 1281 1542 1326 titulum

59 1360 273 1416 vertisse,
310 1360 497 1408 Brevis
535 1359 801 1424 descriptio
841 1366 892 1406 et
921 1357 1151 1406 collectio.
1223 1359 1397 1405 Malim
1437 1374 1542 1420 ego,

61 1434 360 1501 Compendio
391 1437 580 1502 scripta
608 1437 931 1486 Collectanea.
1006 1438 1112 1484 Hoc
1152 1437 1282 1482 enim
1330 1455 1544 1496 ‹rma-7077

0 1515 9 1561 5
57 1522 214 1572 sonat,
236 1517 476 1577 habetque
499 1517 701 1564 tltulus.
736 1513 967 1579 Παροιμίαι
1004 1514 1194 1574 &misma
1230 1513 1277 1559 ἔκ
1303 1518 1374 1559 τοῦ
1396 1518 1544 1573 Διογε-

58 1597 185 1640 νιανοῦ
207 1599 456 1656 συναγωγῆς.
518 1595 683 1656 Hujus
708 1593 974 1640 Paroemias
1002 1608 1052 1638 se
1075 1591 1339 1653 sublegisse
1361 1590 1543 1635 fatetur

0 1685 5 1716 ³.
61 1670 336 1732 Hesychius
351 1671 518 1717 Lexici
532 1672 609 1717 sui
623 1671 872 1732 prooemio,
887 1672 969 1716 sed
985 1669 1223 1728 copiosius
1240 1669 1419 1727 paullo,
1431 1683 1542 1727 quae

0 1749 4 1810 Ῐ
59 1747 251 1794 brevius
275 1747 315 1795 ἐν
337 1748 511 1813 ἐπιτομῇ
534 1748 867 1810 Diogenianus
894 1746 1178 1808 collegisset.
1247 1745 1402 1806 Cujus
1436 1744 1544 1804 qui-

57 1825 168 1871 dem
194 1825 428 1887 Hesychii
451 1828 553 1872 loca
576 1842 603 1872 e
626 1825 930 1888 Diogeniano
956 1823 1057 1869 fere
1091 1822 1345 1882 descripta,
1367 1836 1544 1867 excuso

0 1902 158 1970 jam
191 1902 292 1958 illo,
325 1919 386 1949 ne
420 1903 554 1964 quid,
594 1905 757 1957 lector,
787 1902 1082 1948 desiderares
1116 1899 1340 1960 amplius,
1375 1898 1541 1944 Suidae

0 1988 10 2028 ὲ,
57 1981 357 2027 collectaneis
396 1980 775 2041 proverbiorum,
815 1995 904 2026 suo
949 1993 1155 2039 quaeque
1201 1979 1303 2023 loco
1348 1974 1541 2022 scholiis

57 2057 378 2105 inseruimus·
402 2075 523 2120 quos
539 2058 755 2105 conferre
778 2064 1011 2110 auctoreS,
1029 2056 1241 2115 itemque
1259 2052 1540 2105 Zenobium,

0 2132 10 2202 Ξ
58 2135 440 2198 Vaticanamque
462 2136 810 2197 Appendicem,
841 2134 1050 2194 pretium
1092 2148 1251 2192 operae
1285 2130 1449 2184 fuerit,
1475 2136 1538 2183 et,

58 2217 188 2276 quod
222 2214 318 2261 dici
358 2216 493 2268 solet,
527 2229 625 2259 una
662 2213 872 2273 Mycono
909 2210 1157 2270 complecti
1193 2208 1356 2254 omnia
1383 2207 1539 2252 liceat.

59 2293 416 2356 Diogenianum
451 2298 629 2346 autem,
652 2292 735 2337 sed
767 2291 1138 2352 Pergamenum,
1162 2302 1259 2332 non
1288 2286 1391 2330 Her
1392 2286 1543 2330 acleo-

0 2334 18 2445 Ξ
58 2375 160 2415 tam
182 2370 347 2423 istum,
371 2371 644 2429 loquentem
669 2366 857 2413 inducit
882 2365 1172 2411 Plutarchus
1198 2361 1542 2423 SymposiaccEn

0 2449 16 2493 Ξ
60 2445 143 2492 lib.
166 2446 315 2492 VIII.

0 2513 15 2587 Ξ
125 2524 357 2584 Sequitur
396 2522 753 2584 Diogenianum
801 2520 1038 2566 Vaticana
1084 2517 1361 2577 Appendix,
1408 2518 1607 2561 lautava
1608 2527 1715 2559 cacan

0 2636 25 2670 ,ὲ
59 2617 173 2648 sane
206 2600 532 2647 centuriarum
567 2613 716 2658 prope
740 2597 829 2643 IV.
864 2596 1084 2650 accessio,
1109 2594 1236 2654 Scip.
1263 2593 1541 2646 Cobellucii,
1553 2571 1671 2612 Appen
1649 2571 1740 2602 ⁰d¹¹

0 2666 25 2719 ἶ
59 2678 285 2725 Pontifici
322 2678 454 2723 Max.
479 2692 509 2721 a
543 2674 735 2721 seeretis
763 2680 811 2720 et
845 2673 1075 2733 epistolis,
1098 2671 1335 2733 singulari
1370 2670 1543 2715 libera-

17 2755 208 2802 litate.
276 2754 402 2808 Quae
430 2751 682 2813 proverbia
704 2752 880 2797 vidisse
914 2767 974 2796 ex
1009 2756 1145 2810 parte
1179 2749 1379 2794 observo
1403 2746 1543 2791 Desi-

59 2833 274 2879 derium:
310 2833 393 2877 sed
427 2846 484 2876 ea
517 2845 603 2876 cur
638 2829 914 2882 Plutarcho,
949 2834 1006 2872 ut
1036 2826 1264 2878 diximus,
1289 2824 1540 2875 attribuat,

58 2910 271 2955 nondum
307 2913 620 2967 compertum.
692 2906 854 2951 Habet
877 2905 1005 2950 enim
1037 2905 1157 2949 illud
1193 2919 1219 2949 e
1242 2902 1389 2962 primi
1412 2902 1541 2961 Reg-

60 3000 234 3031 norum
272 2984 386 3030 libri
425 2998 526 3042 cap.
565 2987 641 3029 10.
678 2980 812 3029 Σαοὺλ
850 2981 888 3027 εἰν
926 2981 1170 3043 προφήταις,
1204 2980 1401 3026 Centur.
1442 2975 1538 3022 III.
