1852 3308
278 211 349 252 xvi
840 210 1181 254 PRAEFATIO

279 336 328 376 et
359 345 389 376 a
412 329 550 375 nobis
582 335 842 389 utcumque
878 332 1147 390 explanata.
1220 328 1425 375 Gemina
1459 329 1536 375 his
1560 329 1771 377 Venera-

283 406 391 453 bilis
433 407 596 452 Beda:
647 403 762 452 Hic
797 412 984 470 tropus,
1023 409 1198 469 inquit,
1234 406 1358 455 adeo
1398 405 1498 455 late
1523 413 1682 471 patet,
1717 414 1774 456 ut

281 484 407 533 liber
429 482 715 540 Solomonis,
747 487 907 548 (quem
941 501 1028 532 nos
1057 485 1322 533 secundum
1346 484 1602 533 Hebroeos
1624 487 1772 534 Para-

281 566 414 611 bolas
446 562 671 626 dicimus)
704 562 846 627 apud
880 563 1089 612 Graecos
1118 579 1180 610 ex
1213 579 1268 610 eo
1303 579 1475 611 nomem
1508 564 1772 611 Paroemio-

281 659 407 699 rum,
442 640 531 689 hoc
565 647 640 688 est
673 642 1060 697 Proverbiorum,
1096 640 1352 705 acceperit.
1428 642 1628 697 Quaeres
1673 642 1770 689 for-

283 729 424 777 tasse,
448 721 566 782 quid
589 736 618 766 a
634 717 847 782 gnomis,
872 726 1016 781 atque
1035 718 1466 783 apophthegmatie
1489 718 1619 782 (quae
1642 736 1771 782 saepe

283 799 469 862 adagiis
494 798 777 858 Apostolius
801 803 850 843 et
874 797 1110 844 Erasmus
1146 798 1248 844 sine
1273 800 1460 845 delectu
1483 798 1768 859 admiscent)

274 875 538 940 paroemioe
564 876 826 922 differant?
863 875 1086 922 Difficilis
1121 891 1236 921 sane
1268 876 1538 936 explicatio.
1609 877 1772 924 Multa

283 955 429 1010 enim,
451 955 621 1009 fateor,
645 953 819 1016 adagia
841 959 955 1000 sunt
990 955 1155 999 eadem
1189 959 1236 1000 et
1268 955 1521 1001 sententiae
1556 955 1617 1000 ad
1654 954 1772 1001 bene

285 1034 516 1093 beateque
546 1031 801 1078 vivendum
839 1032 1132 1092 compositae.
1204 1032 1426 1078 Plurima
1460 1038 1623 1079 tamen
1657 1037 1773 1078 sunt

284 1110 536 1171 proverbia
559 1110 766 1172 singula,
790 1115 845 1155 ut
868 1115 1059 1156 tantum
1084 1126 1276 1173 gnomae
1299 1112 1440 1172 longe
1465 1112 1641 1171 plures,
1660 1125 1772 1171 quae

283 1188 581 1251 distinguere
598 1186 783 1249 judicio
802 1194 991 1247 oportet
1011 1203 1024 1243 ς
1061 1195 1115 1234 ut
1141 1190 1310 1234 suadet
1334 1187 1681 1250 elegantissimi
1698 1187 1773 1234 vir

283 1266 468 1330 ingenii
493 1267 732 1321 Muretus,
756 1268 814 1312 de
852 1265 1133 1313 Chiliadum
1170 1282 1312 1326 opere
1341 1281 1500 1312 severe
1529 1265 1771 1327 judicans,

284 1346 366 1392 lib.
392 1345 512 1391 XII.
537 1344 800 1391 Variarum
825 1344 1111 1390 Lectionum
1137 1360 1238 1404 cap.
1258 1342 1336 1390 16.
1361 1350 1409 1390 et
1436 1347 1513 1394 17.
1568 1343 1663 1389 Sed
1686 1358 1773 1389 cur

285 1425 465 1478 eadem,
506 1422 711 1482 inquies,
753 1422 927 1484 adagia
964 1421 1306 1468 obscuritatem
1344 1424 1628 1482 plerumque
1662 1436 1774 1467 con-

285 1500 458 1554 tinent,
482 1516 589 1560 quae
625 1499 689 1545 sit
717 1515 826 1545 cum
863 1499 1094 1562 apologis,
1119 1499 1410 1561 aenigmatis,
1445 1514 1530 1545 seu
1565 1499 1770 1562 griphis‚

287 1594 341 1624 ac
386 1577 627 1638 parabolis
674 1577 880 1637 denique
927 1577 1231 1623 communis?
1279 1576 1363 1623 An
1410 1577 1672 1623 involucris
1717 1591 1772 1622 ac

287 1655 497 1701 tenebris
521 1660 647 1700 tecta
678 1669 775 1699 non
803 1653 969 1700 statim
1006 1654 1146 1699 obvia
1169 1657 1316 1715 vulgo
1351 1669 1453 1700 esse
1476 1654 1770 1700 voluerunt?

287 1740 341 1779 ut
365 1732 449 1794 qui
474 1734 713 1787 nucleum,
732 1733 859 1792 quod
885 1731 1037 1786 aiunt,
1053 1748 1155 1778 esse
1175 1733 1305 1787 velit,
1326 1732 1550 1779 corticem
1575 1732 1772 1795 frangat

288 1826 475 1857 necesse
510 1816 595 1855 est.
666 1808 750 1854 An
785 1815 840 1855 ut
881 1825 1055 1855 arcana
1089 1805 1158 1854 καὶ
1195 1806 1248 1855 τοὶ
1271 1807 1477 1873 ἀπόρρητα
1505 1812 1609 1856 velo
1643 1815 1774 1873 tege-

290 1890 435 1934 bant:
470 1893 525 1933 ut
554 1887 783 1948 symbolis
808 1887 859 1932 in
884 1887 1074 1941 militia,
1098 1887 1149 1932 in
1174 1887 1403 1933 conviviis
1428 1888 1588 1934 Graeci
1608 1878 1774 1950 'aenig-

290 1965 434 2012 matis
457 1964 533 2011 uti
557 1970 934 2019 consueverunt3
972 1971 1029 2010 ut
1053 1965 1104 2010 in
1129 1965 1434 2025 philosophia
1467 1965 1772 2027 Pythagoras

291 2050 339 2090 et
375 2043 516 2089 Plato
551 2042 779 2096 numeris,
803 2042 1090 2088 Aristoteles
1120 2042 1464 2097 acroematicis,
1500 2058 1588 2089 sua
1622 2043 1776 2089 invol-·

292 2122 496 2176 vebant3
544 2127 600 2166 ut
644 2120 1019 2183 hieroglyphicis
1060 2120 1282 2183 AEgyptii
1316 2135 1451 2166 sacra
1485 2121 1770 2176 tradebant;

295 2199 494 2245 Hebraei
536 2214 646 2244 vero
693 2198 871 2244 Sancto
915 2204 1191 2244 sanctorum
1228 2199 1388 2243 velum
1435 2198 1771 2245 obtendebant.

294 2276 480 2324 Initiati
523 2276 728 2336 denique
763 2291 792 2322 a
829 2276 976 2322 sacris
1017 2276 1244 2336 profanos
1282 2276 1372 2321 hac
1406 2276 1615 2322 formula
1645 2292 1775 2323 arce-

292 2355 423 2408 bant,
459 2355 638 2408 Ἔξεστε
675 2352 870 2410 βέβηλοι.
942 2354 1027 2408 Et,
1072 2351 1175 2400 Odi
1199 2352 1476 2416 profanum
1512 2350 1695 2415 vulgus
1727 2358 1778 2399 et

292 2447 450 2478 arceo.
543 2431 704 2493 Igitur
750 2433 1154 2491 quemadmodum
1213 2431 1494 2493 religionem
1546 2431 1772 2492 majestas

291 2517 490 2564 tuetur;
528 2509 596 2555 sic
628 2509 859 2570 mysteria
887 2509 1249 2570 obscuritasque
1282 2507 1602 2568 philosophiae
1626 2509 1774 2569 adyta

292 2587 582 2633 custodiunt.

74 2668 250 2743 Paroflrpffio-
361 2664 504 2709 Nunc
545 2664 989 2727 paroemiographos
1035 2679 1121 2724 per
1162 2670 1375 2710 saturam
1417 2679 1744 2710 recenseamus
1761 2677 1783 2710 :1

71 2723 200 2797 ἷέἕῑέ.
226 2722 259 2744 e-
292 2741 530 2803 principio
554 2741 747 2801 quidem
784 2757 863 2786 eos
898 2741 984 2809 qui
1007 2748 1279 2801 temporum
1305 2741 1423 2787 vitio
1458 2740 1622 2786 amissi
1650 2741 1775 2800 peri-

261 2825 448 2867 ¹erunt.
520 2819 594 2865 De
633 2820 818 2881 adagiis
865 2820 992 2865 enim
1034 2822 1188 2865 multa
1229 2820 1342 2866 olim
1380 2818 1624 2865 volumina
1664 2820 1775 2865 reli-

292 2903 513 2959 querant,
563 2897 849 2942 Aristoteles
908 2897 1102 2957 quidem
1162 2897 1495 2957 Peripateticae
1551 2897 1772 2957 princeps

292 2976 482 3030 scholae,
508 2976 705 3036 ejusque
742 2974 983 3020 auditores
1033 2974 1397 3034 Theophrastus
1428 2980 1477 3022 et
1512 2962 1772 3022 Clearchus
