<?xml version="1.0" encoding="UTF-8"?>
<!DOCTYPE html PUBLIC "-//W3C//DTD XHTML 1.0 Transitional//EN"
    "http://www.w3.org/TR/xhtml1/DTD/xhtml1-transitional.dtd">
<html xmlns="http://www.w3.org/1999/xhtml" xml:lang="en" lang="en">
 <head>
  <title>
</title>
<meta http-equiv="Content-Type" content="text/html;charset=utf-8" />
  <meta name='ocr-system' content='tesseract 3.04.00' />
  <meta name='ocr-capabilities' content='ocr_page ocr_carea ocr_par ocr_line ocrx_word'/>
</head>
<body>
  <div class='ocr_page' id='page_1' title='image "./paroemiographigr00gaisuoft_0018.png"; bbox 0 0 1800 3250; ppageno 0'>
   <div class='ocr_carea' id='block_1_1' title="bbox 236 218 1152 262">
    <p class='ocr_par' dir='ltr' id='par_1_1' title="bbox 236 218 1152 262">
     <span class='ocr_line' id='line_1_1' title="bbox 236 218 1152 262; baseline -0.001 -1"><span class='ocrx_word' id='word_1_1' title='bbox 236 220 306 262; x_wconf 80' lang='lat' dir='ltr'><strong>xiv</strong></span> <span class='ocrx_word' id='word_1_2' title='bbox 806 218 1152 262; x_wconf 83' lang='lat' dir='ltr'><strong>PRAEFATIO</strong></span> 
     </span>
    </p>
   </div>
   <div class='ocr_carea' id='block_1_2' title="bbox 20 337 1728 3040">
    <p class='ocr_par' dir='ltr' id='par_1_2' title="bbox 20 337 1728 3040">
     <span class='ocr_line' id='line_1_2' title="bbox 235 337 1721 400; baseline -0.001 -15"><span class='ocrx_word' id='word_1_3' title='bbox 235 339 412 385; x_wconf 90' lang='lat' dir='ltr'><strong>mentis</strong></span> <span class='ocrx_word' id='word_1_4' title='bbox 443 340 573 385; x_wconf 92' lang='lat' dir='ltr'><strong>hunc</strong></span> <span class='ocrx_word' id='word_1_5' title='bbox 610 340 767 384; x_wconf 91' lang='lat' dir='ltr'><strong>locum</strong></span> <span class='ocrx_word' id='word_1_6' title='bbox 804 338 874 383; x_wconf 88' lang='lat' dir='ltr'><strong>ita</strong></span> <span class='ocrx_word' id='word_1_7' title='bbox 902 338 1063 383; x_wconf 84' lang='lat' dir='ltr'><strong>studet</strong></span> <span class='ocrx_word' id='word_1_8' title='bbox 1091 337 1396 397; x_wconf 87' lang='lat' dir='ltr'><strong>interpolare,</strong></span> <span class='ocrx_word' id='word_1_9' title='bbox 1420 342 1474 383; x_wconf 89' lang='lat' dir='ltr'><strong>ut</strong></span> <span class='ocrx_word' id='word_1_10' title='bbox 1499 343 1721 400; x_wconf 86' lang='lat' dir='ltr'><strong>transpo-</strong></span> 
     </span>
     <span class='ocr_line' id='line_1_3' title="bbox 235 412 1719 479; baseline -0.002 -16"><span class='ocrx_word' id='word_1_11' title='bbox 235 417 342 463; x_wconf 87' lang='lat' dir='ltr'><strong>sitis</strong></span> <span class='ocrx_word' id='word_1_12' title='bbox 367 417 561 463; x_wconf 89' lang='lat' dir='ltr'><strong>vocibus</strong></span> <span class='ocrx_word' id='word_1_13' title='bbox 577 413 840 479; x_wconf 80' lang='lat' dir='ltr'><strong>paraboloe</strong></span> <span class='ocrx_word' id='word_1_14' title='bbox 859 412 1105 478; x_wconf 78' lang='lat' dir='ltr'><strong>paroemia</strong></span> <span class='ocrx_word' id='word_1_15' title='bbox 1128 416 1365 470; x_wconf 82' lang='lat' dir='ltr'><strong>succedat,</strong></span> <span class='ocrx_word' id='word_1_16' title='bbox 1383 414 1507 461; x_wconf 89' lang='lat' dir='ltr'>nihil</span> <span class='ocrx_word' id='word_1_17' title='bbox 1530 430 1719 462; x_wconf 87' lang='lat' dir='ltr'><strong>necesse</strong></span> 
     </span>
     <span class='ocr_line' id='line_1_4' title="bbox 236 491 1719 556; baseline -0.002 -15"><span class='ocrx_word' id='word_1_18' title='bbox 236 501 334 541; x_wconf 89' lang='lat' dir='ltr'><strong>est:</strong></span> <span class='ocrx_word' id='word_1_19' title='bbox 372 493 776 556; x_wconf 90' lang='lat' dir='ltr'><strong>quandoquidem,</strong></span> <span class='ocrx_word' id='word_1_20' title='bbox 801 494 929 553; x_wconf 89' lang='lat' dir='ltr'><strong>quod</strong></span> <span class='ocrx_word' id='word_1_21' title='bbox 962 509 1047 539; x_wconf 89' lang='lat' dir='ltr'><strong>nec</strong></span> <span class='ocrx_word' id='word_1_22' title='bbox 1075 493 1177 552; x_wconf 92' lang='lat' dir='ltr'><strong>ipse</strong></span> <span class='ocrx_word' id='word_1_23' title='bbox 1209 491 1463 547; x_wconf 87' lang='lat' dir='ltr'><strong>infitiatur,</strong></span> <span class='ocrx_word' id='word_1_24' title='bbox 1487 492 1719 539; x_wconf 87' lang='lat' dir='ltr'><strong>confundi</strong></span> 
     </span>
     <span class='ocr_line' id='line_1_5' title="bbox 234 570 1721 633; baseline -0.002 -14"><span class='ocrx_word' id='word_1_25' title='bbox 234 573 340 619; x_wconf 86' lang='lat' dir='ltr'><strong>haec</strong></span> <span class='ocrx_word' id='word_1_26' title='bbox 371 573 615 618; x_wconf 89' lang='lat' dir='ltr'><strong>interdum</strong></span> <span class='ocrx_word' id='word_1_27' title='bbox 651 587 706 617; x_wconf 85' lang='lat' dir='ltr'><strong>ac</strong></span> <span class='ocrx_word' id='word_1_28' title='bbox 740 570 1031 630; x_wconf 86' lang='lat' dir='ltr'><strong>permisceri,</strong></span> <span class='ocrx_word' id='word_1_29' title='bbox 1055 576 1111 615; x_wconf 93' lang='lat' dir='ltr'><strong>ut</strong></span> <span class='ocrx_word' id='word_1_30' title='bbox 1143 570 1313 615; x_wconf 89' lang='lat' dir='ltr'><strong>formae</strong></span> <span class='ocrx_word' id='word_1_31' title='bbox 1348 570 1622 633; x_wconf 89' lang='lat' dir='ltr'><strong>generibus,</strong></span> <span class='ocrx_word' id='word_1_32' title='bbox 1646 586 1721 616; x_wconf 91' lang='lat' dir='ltr'><strong>so-</strong></span> 
     </span>
     <span class='ocr_line' id='line_1_6' title="bbox 233 647 1720 709; baseline -0.002 -12"><span class='ocrx_word' id='word_1_33' title='bbox 233 653 379 697; x_wconf 84' lang='lat' dir='ltr'><strong>leant.</strong></span> <span class='ocrx_word' id='word_1_34' title='bbox 446 650 642 696; x_wconf 92' lang='lat' dir='ltr'><strong>Tertius</strong></span> <span class='ocrx_word' id='word_1_35' title='bbox 663 649 943 695; x_wconf 82' lang='lat' dir='ltr'><strong>Graecorum</strong></span> <span class='ocrx_word' id='word_1_36' title='bbox 969 647 1298 694; x_wconf 86' lang='lat' dir='ltr'><strong>testimonium</strong></span> <span class='ocrx_word' id='word_1_37' title='bbox 1324 647 1450 694; x_wconf 88' lang='lat' dir='ltr'><strong>dicet</strong></span> <span class='ocrx_word' id='word_1_38' title='bbox 1473 647 1720 709; x_wconf 88' lang='lat' dir='ltr'><strong>Synesius,</strong></span> 
     </span>
     <span class='ocr_line' id='line_1_7' title="bbox 237 723 1720 790; baseline -0.002 -16"><span class='ocrx_word' id='word_1_39' title='bbox 237 729 448 790; x_wconf 87' lang='lat' dir='ltr'><strong>Cyrenes</strong></span> <span class='ocrx_word' id='word_1_40' title='bbox 478 729 529 773; x_wconf 92' lang='lat' dir='ltr'><strong>in</strong></span> <span class='ocrx_word' id='word_1_41' title='bbox 555 727 725 773; x_wconf 86' lang='lat' dir='ltr'><strong>Africa</strong></span> <span class='ocrx_word' id='word_1_42' title='bbox 756 726 1021 786; x_wconf 89' lang='lat' dir='ltr'><strong>episcopus,</strong></span> <span class='ocrx_word' id='word_1_43' title='bbox 1055 723 1276 789; x_wconf 70' lang='grc' dir='ltr'>Ἐγκωμίῳ</span> <span class='ocrx_word' id='word_1_44' title='bbox 1308 726 1544 785; x_wconf 75' lang='grc' dir='ltr'><em>φαλάκρας,</em></span> <span class='ocrx_word' id='word_1_45' title='bbox 1574 725 1720 788; x_wconf 85' lang='lat' dir='ltr'><strong>regiae</strong></span> 
     </span>
     <span class='ocr_line' id='line_1_8' title="bbox 175 800 1720 872; baseline -0.003 -19"><span class='ocrx_word' id='word_1_46' title='bbox 175 866 180 872; x_wconf 26' lang='grc' dir='ltr'>ι</span> <span class='ocrx_word' id='word_1_47' title='bbox 237 806 455 852; x_wconf 87' lang='lat' dir='ltr'><strong>Turnebi</strong></span> <span class='ocrx_word' id='word_1_48' title='bbox 491 804 715 851; x_wconf 89' lang='lat' dir='ltr'><strong>editionis</strong></span> <span class='ocrx_word' id='word_1_49' title='bbox 750 820 860 867; x_wconf 86' lang='lat' dir='ltr'><strong>pag.</strong></span> <span class='ocrx_word' id='word_1_50' title='bbox 881 807 960 855; x_wconf 90' lang='lat'><strong>59.</strong></span> <span class='ocrx_word' id='word_1_51' title='bbox 992 806 1050 848; x_wconf 69' lang='lat' dir='ltr'><strong>*H</strong></span> <span class='ocrx_word' id='word_1_52' title='bbox 1089 800 1304 865; x_wconf 75' lang='grc' dir='ltr'><strong><em>Παροιμίαι</em></strong></span> <span class='ocrx_word' id='word_1_53' title='bbox 1340 801 1478 861; x_wconf 73' lang='grc' dir='ltr'><em>σοφόν.</em></span> <span class='ocrx_word' id='word_1_54' title='bbox 1554 806 1653 854; x_wconf 84' lang='grc' dir='ltr'><strong>Πῶς</strong></span> <span class='ocrx_word' id='word_1_55' title='bbox 1687 800 1720 848; x_wconf 74' lang='grc' dir='ltr'><strong>δ’</strong></span> 
     </span>
     <span class='ocr_line' id='line_1_9' title="bbox 235 876 1723 946; baseline -0.003 -16"><span class='ocrx_word' id='word_1_56' title='bbox 235 880 325 946; x_wconf 67' lang='grc' dir='ltr'><strong>οὖχῖ</strong></span> <span class='ocrx_word' id='word_1_57' title='bbox 352 881 476 942; x_wconf 70' lang='grc' dir='ltr'><em>σοφόν</em></span> <span class='ocrx_word' id='word_1_58' title='bbox 496 899 509 939; x_wconf 77' lang='lat'><em>3</em></span> <span class='ocrx_word' id='word_1_59' title='bbox 546 879 635 945; x_wconf 71' lang='grc' dir='ltr'>περὶ</span> <span class='ocrx_word' id='word_1_60' title='bbox 658 877 705 927; x_wconf 67' lang='grc' dir='ltr'><strong>οἷν</strong></span> <span class='ocrx_word' id='word_1_61' title='bbox 727 882 1011 944; x_wconf 78' lang='grc' dir='ltr'>Ἀριστοτέλης</span> <span class='ocrx_word' id='word_1_62' title='bbox 1035 876 1178 939; x_wconf 65' lang='grc' dir='ltr'>φησιν,</span> <span class='ocrx_word' id='word_1_63' title='bbox 1205 877 1263 926; x_wconf 73' lang='grc' dir='ltr'><strong>ὅτι</strong></span> <span class='ocrx_word' id='word_1_64' title='bbox 1287 884 1471 932; x_wconf 75' lang='grc' dir='ltr'><strong>παλαιᾶς</strong></span> <span class='ocrx_word' id='word_1_65' title='bbox 1494 878 1575 926; x_wconf 78' lang='grc' dir='ltr'>εἶσι</span> <span class='ocrx_word' id='word_1_66' title='bbox 1599 887 1723 939; x_wconf 85' lang='grc' dir='ltr'>φιλο-</span> 
     </span>
     <span class='ocr_line' id='line_1_10' title="bbox 237 956 1722 1022; baseline -0.003 -14"><span class='ocrx_word' id='word_1_67' title='bbox 237 960 388 1020; x_wconf 78' lang='grc' dir='ltr'><em>σοφίας</em></span> <span class='ocrx_word' id='word_1_68' title='bbox 424 960 461 1007; x_wconf 75' lang='grc' dir='ltr'><strong>ἓν</strong></span> <span class='ocrx_word' id='word_1_69' title='bbox 489 966 580 1012; x_wconf 80' lang='grc' dir='ltr'><em>ταῖς</em></span> <span class='ocrx_word' id='word_1_70' title='bbox 604 957 829 1022; x_wconf 74' lang='grc' dir='ltr'><em>μεγίσταις</em></span> <span class='ocrx_word' id='word_1_71' title='bbox 852 956 1050 1021; x_wconf 65' lang='grc' dir='ltr'>ἀνθρώπων</span> <span class='ocrx_word' id='word_1_72' title='bbox 1073 962 1239 1021; x_wconf 76' lang='grc' dir='ltr'><em>φθοραῖς</em></span> <span class='ocrx_word' id='word_1_73' title='bbox 1261 957 1511 1018; x_wconf 76' lang='grc' dir='ltr'><em>ἀπολομένης</em></span> <span class='ocrx_word' id='word_1_74' title='bbox 1543 957 1722 1020; x_wconf 76' lang='grc' dir='ltr'><em>ἔγκατα·</em></span> 
     </span>
     <span class='ocr_line' id='line_1_11' title="bbox 235 1033 1723 1102; baseline -0.003 -17"><span class='ocrx_word' id='word_1_75' title='bbox 235 1038 451 1100; x_wconf 72' lang='grc' dir='ltr'>λείμματα</span> <span class='ocrx_word' id='word_1_76' title='bbox 473 1037 739 1102; x_wconf 75' lang='grc' dir='ltr'>περισωθέντα</span> <span class='ocrx_word' id='word_1_77' title='bbox 776 1035 842 1083; x_wconf 69' lang='grc' dir='ltr'><strong>διὰ</strong></span> <span class='ocrx_word' id='word_1_78' title='bbox 874 1034 1087 1097; x_wconf 74' lang='grc' dir='ltr'><em>συντομίαν</em></span> <span class='ocrx_word' id='word_1_79' title='bbox 1116 1033 1182 1081; x_wconf 75' lang='grc' dir='ltr'><strong>καὶ</strong></span> <span class='ocrx_word' id='word_1_80' title='bbox 1214 1033 1438 1092; x_wconf 68' lang='grc' dir='ltr'>δεξιότητα.</span> <span class='ocrx_word' id='word_1_81' title='bbox 1509 1033 1723 1099; x_wconf 77' lang='grc' dir='ltr'><strong>Παροιμίαι</strong></span> 
     </span>
     <span class='ocr_line' id='line_1_12' title="bbox 235 1111 1721 1176; baseline -0.003 -13"><span class='ocrx_word' id='word_1_82' title='bbox 235 1116 282 1173; x_wconf 68' lang='grc' dir='ltr'><strong>δὴ</strong></span> <span class='ocrx_word' id='word_1_83' title='bbox 306 1114 374 1163; x_wconf 68' lang='grc' dir='ltr'><strong>καὶ</strong></span> <span class='ocrx_word' id='word_1_84' title='bbox 398 1121 513 1163; x_wconf 75' lang='grc' dir='ltr'><em>τοῦτο</em></span> <span class='ocrx_word' id='word_1_85' title='bbox 539 1113 607 1162; x_wconf 72' lang='grc' dir='ltr'><strong>καὶ</strong></span> <span class='ocrx_word' id='word_1_86' title='bbox 635 1112 756 1176; x_wconf 67' lang='grc' dir='ltr'><em>λόγος</em></span> <span class='ocrx_word' id='word_1_87' title='bbox 780 1115 880 1176; x_wconf 65' lang='grc' dir='ltr'><strong>ἔχων</strong></span> <span class='ocrx_word' id='word_1_88' title='bbox 904 1112 1063 1176; x_wconf 75' lang='grc' dir='ltr'><em>ἀξίωμα</em></span> <span class='ocrx_word' id='word_1_89' title='bbox 1086 1119 1158 1171; x_wconf 75' lang='grc' dir='ltr'><strong>τῆς</strong></span> <span class='ocrx_word' id='word_1_90' title='bbox 1184 1111 1265 1160; x_wconf 67' lang='grc' dir='ltr'><strong>ὅθεν</strong></span> <span class='ocrx_word' id='word_1_91' title='bbox 1289 1113 1516 1176; x_wconf 78' lang='grc' dir='ltr'>κατηνέχθη</span> <span class='ocrx_word' id='word_1_92' title='bbox 1547 1120 1721 1172; x_wconf 86' lang='grc' dir='ltr'><strong>φιλοσο-</strong></span> 
     </span>
     <span class='ocr_line' id='line_1_13' title="bbox 235 1189 1723 1257; baseline -0.003 -16"><span class='ocrx_word' id='word_1_93' title='bbox 235 1194 336 1255; x_wconf 79' lang='grc' dir='ltr'><em>φίας</em></span> <span class='ocrx_word' id='word_1_94' title='bbox 361 1195 432 1252; x_wconf 65' lang='grc' dir='ltr'><strong>τὴν</strong></span> <span class='ocrx_word' id='word_1_95' title='bbox 457 1190 727 1256; x_wconf 65' lang='grc' dir='ltr'><strong>ἀρχαιότητα,</strong></span> <span class='ocrx_word' id='word_1_96' title='bbox 753 1190 858 1239; x_wconf 69' lang='grc' dir='ltr'>ὥστε</span> <span class='ocrx_word' id='word_1_97' title='bbox 890 1190 1022 1248; x_wconf 69' lang='grc' dir='ltr'><strong>βόειον</strong></span> <span class='ocrx_word' id='word_1_98' title='bbox 1054 1190 1291 1246; x_wconf 71' lang='grc' dir='ltr'>ἐπιβλέπειν</span> <span class='ocrx_word' id='word_1_99' title='bbox 1314 1189 1435 1257; x_wconf 69' lang='grc' dir='ltr'><em>αὐτῇ.</em></span> <span class='ocrx_word' id='word_1_100' title='bbox 1505 1191 1723 1252; x_wconf 76' lang='grc' dir='ltr'><em>Πάμπολυ</em></span> 
     </span>
     <span class='ocr_line' id='line_1_14' title="bbox 235 1268 1723 1337; baseline -0.003 -17"><span class='ocrx_word' id='word_1_101' title='bbox 235 1274 315 1337; x_wconf 68' lang='grc' dir='ltr'><strong>’γὰρ</strong></span> <span class='ocrx_word' id='word_1_102' title='bbox 357 1273 395 1320; x_wconf 83' lang='grc' dir='ltr'><strong>οἷ</strong></span> <span class='ocrx_word' id='word_1_103' title='bbox 436 1274 567 1319; x_wconf 80' lang='grc' dir='ltr'>πάλαι</span> <span class='ocrx_word' id='word_1_104' title='bbox 604 1278 678 1318; x_wconf 77' lang='grc' dir='ltr'><strong>τῶν</strong></span> <span class='ocrx_word' id='word_1_105' title='bbox 713 1276 773 1318; x_wconf 75' lang='grc' dir='ltr'><strong>νῦν</strong></span> <span class='ocrx_word' id='word_1_106' title='bbox 809 1271 867 1323; x_wconf 80' lang='grc' dir='ltr'><strong>εἷς</strong></span> <span class='ocrx_word' id='word_1_107' title='bbox 908 1271 1096 1328; x_wconf 81' lang='grc' dir='ltr'><strong>ἀλήθειαν</strong></span> <span class='ocrx_word' id='word_1_108' title='bbox 1134 1268 1438 1332; x_wconf 78' lang='grc' dir='ltr'><strong>εὗστοχῶτεροι.</strong></span> <span class='ocrx_word' id='word_1_109' title='bbox 1509 1269 1588 1316; x_wconf 84' lang='lat' dir='ltr'><strong>Sic</strong></span> <span class='ocrx_word' id='word_1_110' title='bbox 1625 1269 1723 1315; x_wconf 81' lang='lat' dir='ltr'><strong>ille.</strong></span> 
     </span>
     <span class='ocr_line' id='line_1_15' title="bbox 238 1347 1723 1408; baseline -0.005 -9"><span class='ocrx_word' id='word_1_111' title='bbox 238 1352 378 1406; x_wconf 85' lang='lat' dir='ltr'><strong>Quod</strong></span> <span class='ocrx_word' id='word_1_112' title='bbox 410 1357 571 1397; x_wconf 88' lang='lat' dir='ltr'><strong>autem</strong></span> <span class='ocrx_word' id='word_1_113' title='bbox 597 1351 634 1396; x_wconf 93' lang='lat' dir='ltr'><strong>I.</strong></span> <span class='ocrx_word' id='word_1_114' title='bbox 662 1349 940 1403; x_wconf 84' lang='lat' dir='ltr'><strong>Comarius,</strong></span> <span class='ocrx_word' id='word_1_115' title='bbox 965 1348 1305 1407; x_wconf 85' lang='lat' dir='ltr'><strong>extemporalis</strong></span> <span class='ocrx_word' id='word_1_116' title='bbox 1335 1349 1616 1408; x_wconf 86' lang='lat' dir='ltr'><strong>plerumque</strong></span> <span class='ocrx_word' id='word_1_117' title='bbox 1647 1347 1723 1393; x_wconf 90' lang='lat' dir='ltr'><strong>in-</strong></span> 
     </span>
     <span class='ocr_line' id='line_1_16' title="bbox 237 1422 1723 1491; baseline -0.003 -15"><span class='ocrx_word' id='word_1_118' title='bbox 237 1437 435 1491; x_wconf 88' lang='lat' dir='ltr'><strong>terpres,</strong></span> <span class='ocrx_word' id='word_1_119' title='bbox 459 1427 537 1475; x_wconf 79' lang='lat' dir='ltr'><strong>hic</strong></span> <span class='ocrx_word' id='word_1_120' title='bbox 560 1428 719 1482; x_wconf 87' lang='lat' dir='ltr'><strong>vertit,</strong></span> <span class='ocrx_word' id='word_1_121' title='bbox 744 1427 975 1488; x_wconf 87' lang='lat' dir='ltr'><strong>pervertit</strong></span> <span class='ocrx_word' id='word_1_122' title='bbox 999 1426 1175 1486; x_wconf 86' lang='lat' dir='ltr'><strong>potius,</strong></span> <span class='ocrx_word' id='word_1_123' title='bbox 1195 1422 1300 1472; x_wconf 77' lang='grc' dir='ltr'>ὥστε</span> <span class='ocrx_word' id='word_1_124' title='bbox 1327 1423 1459 1480; x_wconf 73' lang='grc' dir='ltr'><strong>βόειον</strong></span> <span class='ocrx_word' id='word_1_125' title='bbox 1484 1424 1723 1480; x_wconf 80' lang='grc' dir='ltr'>ἐπιβλέπειν</span> 
     </span>
     <span class='ocr_line' id='line_1_17' title="bbox 237 1503 1720 1574; baseline -0.003 -20"><span class='ocrx_word' id='word_1_126' title='bbox 237 1507 359 1574; x_wconf 77' lang='grc' dir='ltr'><em>αὐτῇ,</em></span> <span class='ocrx_word' id='word_1_127' title='bbox 375 1512 430 1553; x_wconf 86' lang='lat' dir='ltr'><strong>ut</strong></span> <span class='ocrx_word' id='word_1_128' title='bbox 442 1504 651 1569; x_wconf 77' lang='lat' dir='ltr'><strong>superbe</strong></span> <span class='ocrx_word' id='word_1_129' title='bbox 667 1504 825 1568; x_wconf 83' lang='lat' dir='ltr'><strong>ipsam</strong></span> <span class='ocrx_word' id='word_1_130' title='bbox 842 1503 1109 1560; x_wconf 82' lang='lat' dir='ltr'><strong>intueatur,</strong></span> <span class='ocrx_word' id='word_1_131' title='bbox 1128 1504 1349 1564; x_wconf 89' lang='lat' dir='ltr'><strong>equidem</strong></span> <span class='ocrx_word' id='word_1_132' title='bbox 1365 1518 1460 1549; x_wconf 93' lang='lat' dir='ltr'><strong>non</strong></span> <span class='ocrx_word' id='word_1_133' title='bbox 1479 1518 1720 1564; x_wconf 87' lang='lat' dir='ltr'><strong>assequor.</strong></span> 
     </span>
     <span class='ocr_line' id='line_1_18' title="bbox 238 1579 1725 1645; baseline -0.002 -15"><span class='ocrx_word' id='word_1_134' title='bbox 238 1584 436 1630; x_wconf 87' lang='lat' dir='ltr'><strong>Rectius</strong></span> <span class='ocrx_word' id='word_1_135' title='bbox 461 1586 602 1645; x_wconf 90' lang='lat' dir='ltr'><strong>longe</strong></span> <span class='ocrx_word' id='word_1_136' title='bbox 627 1582 907 1628; x_wconf 90' lang='lat' dir='ltr'><strong>Desiderius</strong></span> <span class='ocrx_word' id='word_1_137' title='bbox 931 1579 1008 1627; x_wconf 78' lang='lat' dir='ltr'><strong>hic</strong></span> <span class='ocrx_word' id='word_1_138' title='bbox 1032 1582 1305 1642; x_wconf 89' lang='lat' dir='ltr'><strong>Synesium‚</strong></span> <span class='ocrx_word' id='word_1_139' title='bbox 1320 1580 1411 1627; x_wconf 90' lang='lat' dir='ltr'><strong>etsi</strong></span> <span class='ocrx_word' id='word_1_140' title='bbox 1434 1581 1725 1641; x_wconf 87' lang='lat' dir='ltr'><strong>paraphras-</strong></span> 
     </span>
     <span class='ocr_line' id='line_1_19' title="bbox 238 1655 1721 1720; baseline -0.003 -12"><span class='ocrx_word' id='word_1_141' title='bbox 238 1663 343 1716; x_wconf 85' lang='lat' dir='ltr'><strong>tice,</strong></span> <span class='ocrx_word' id='word_1_142' title='bbox 380 1662 447 1708; x_wconf 91' lang='lat' dir='ltr'><strong>sic</strong></span> <span class='ocrx_word' id='word_1_143' title='bbox 476 1660 714 1707; x_wconf 84' lang='lat' dir='ltr'><strong>reddidit:</strong></span> <span class='ocrx_word' id='word_1_144' title='bbox 753 1657 910 1706; x_wconf 80' lang='lat' dir='ltr'><strong>Nihil</strong></span> <span class='ocrx_word' id='word_1_145' title='bbox 929 1657 1074 1704; x_wconf 87' lang='lat' dir='ltr'><strong>aliud</strong></span> <span class='ocrx_word' id='word_1_146' title='bbox 1098 1673 1202 1704; x_wconf 85' lang='lat' dir='ltr'><strong>esse</strong></span> <span class='ocrx_word' id='word_1_147' title='bbox 1227 1655 1543 1720; x_wconf 87' lang='lat' dir='ltr'><strong>paroemiam‚</strong></span> <span class='ocrx_word' id='word_1_148' title='bbox 1573 1672 1721 1720; x_wconf 86' lang='lat' dir='ltr'><strong>quam</strong></span> 
     </span>
     <span class='ocr_line' id='line_1_20' title="bbox 237 1733 1727 1803; baseline -0.003 -17"><span class='ocrx_word' id='word_1_149' title='bbox 237 1737 478 1803; x_wconf 87' lang='lat' dir='ltr'><strong>reliquias</strong></span> <span class='ocrx_word' id='word_1_150' title='bbox 500 1736 636 1784; x_wconf 89' lang='lat' dir='ltr'><strong>illius</strong></span> <span class='ocrx_word' id='word_1_151' title='bbox 668 1735 845 1783; x_wconf 78' lang='lat' dir='ltr'><strong>veteris</strong></span> <span class='ocrx_word' id='word_1_152' title='bbox 870 1733 1200 1800; x_wconf 78' lang='lat' dir='ltr'><strong>philosopkioe</strong></span> <span class='ocrx_word' id='word_1_153' title='bbox 1230 1733 1458 1781; x_wconf 74' lang='lat' dir='ltr'><strong>maoeimis</strong></span> <span class='ocrx_word' id='word_1_154' title='bbox 1483 1733 1727 1782; x_wconf 78' lang='lat' dir='ltr'><strong>humana-</strong></span> 
     </span>
     <span class='ocr_line' id='line_1_21' title="bbox 238 1812 1723 1875; baseline -0.002 -12"><span class='ocrx_word' id='word_1_155' title='bbox 238 1833 348 1863; x_wconf 87' lang='lat' dir='ltr'><strong>rum</strong></span> <span class='ocrx_word' id='word_1_156' title='bbox 381 1831 546 1863; x_wconf 89' lang='lat' dir='ltr'><strong>rerum</strong></span> <span class='ocrx_word' id='word_1_157' title='bbox 578 1813 801 1862; x_wconf 72' lang='lat' dir='ltr'><strong>cladibus</strong></span> <span class='ocrx_word' id='word_1_158' title='bbox 834 1812 1084 1859; x_wconf 71' lang='lat' dir='ltr'><strong>eastinctoe</strong></span> <span class='ocrx_word' id='word_1_159' title='bbox 1099 1831 1113 1858; x_wconf 91' lang='grc'><strong>.·</strong></span> <span class='ocrx_word' id='word_1_160' title='bbox 1151 1827 1331 1875; x_wconf 86' lang='lat' dir='ltr'><strong>easque</strong></span> <span class='ocrx_word' id='word_1_161' title='bbox 1363 1818 1588 1859; x_wconf 85' lang='lat' dir='ltr'><strong>servatas</strong></span> <span class='ocrx_word' id='word_1_162' title='bbox 1617 1828 1723 1860; x_wconf 85' lang='lat' dir='ltr'><strong>esse</strong></span> 
     </span>
     <span class='ocr_line' id='line_1_22' title="bbox 232 1888 1725 1956; baseline -0.003 -16"><span class='ocrx_word' id='word_1_163' title='bbox 232 1892 420 1956; x_wconf 85' lang='lat' dir='ltr'><strong>partim</strong></span> <span class='ocrx_word' id='word_1_164' title='bbox 443 1892 500 1940; x_wconf 87' lang='lat' dir='ltr'><strong>ob</strong></span> <span class='ocrx_word' id='word_1_165' title='bbox 524 1890 858 1955; x_wconf 77' lang='lat' dir='ltr'><strong>compendium</strong></span> <span class='ocrx_word' id='word_1_166' title='bbox 882 1889 1276 1953; x_wconf 81' lang='lat' dir='ltr'><strong>brevitatemque,</strong></span> <span class='ocrx_word' id='word_1_167' title='bbox 1291 1888 1483 1954; x_wconf 82' lang='lat' dir='ltr'><strong>partim</strong></span> <span class='ocrx_word' id='word_1_168' title='bbox 1506 1888 1564 1936; x_wconf 92' lang='lat' dir='ltr'><strong>ob</strong></span> <span class='ocrx_word' id='word_1_169' title='bbox 1568 1889 1725 1953; x_wconf 68' lang='lat' dir='ltr'><strong>sesti-</strong></span> 
     </span>
     <span class='ocr_line' id='line_1_23' title="bbox 238 1965 1725 2034; baseline -0.002 -16"><span class='ocrx_word' id='word_1_170' title='bbox 238 1971 433 2018; x_wconf 81' lang='lat' dir='ltr'><strong>vitatem</strong></span> <span class='ocrx_word' id='word_1_171' title='bbox 474 1977 523 2017; x_wconf 87' lang='lat' dir='ltr'><strong>et</strong></span> <span class='ocrx_word' id='word_1_172' title='bbox 567 1969 779 2034; x_wconf 87' lang='lat' dir='ltr'><strong>leporem</strong></span> <span class='ocrx_word' id='word_1_173' title='bbox 795 1987 809 2014; x_wconf 90' lang='lat'><em>:</em></span> <span class='ocrx_word' id='word_1_174' title='bbox 849 1967 1052 2031; x_wconf 84' lang='lat' dir='ltr'><strong>ideoque</strong></span> <span class='ocrx_word' id='word_1_175' title='bbox 1092 1982 1179 2014; x_wconf 86' lang='lat' dir='ltr'><strong>nec</strong></span> <span class='ocrx_word' id='word_1_176' title='bbox 1218 1965 1439 2029; x_wconf 80' lang='lat' dir='ltr'><strong>segniter</strong></span> <span class='ocrx_word' id='word_1_177' title='bbox 1476 1982 1563 2014; x_wconf 91' lang='lat' dir='ltr'><strong>nec</strong></span> <span class='ocrx_word' id='word_1_178' title='bbox 1603 1966 1725 2015; x_wconf 85' lang='lat' dir='ltr'><strong>osci-</strong></span> 
     </span>
     <span class='ocr_line' id='line_1_24' title="bbox 238 2043 1723 2111; baseline -0.003 -15"><span class='ocrx_word' id='word_1_179' title='bbox 238 2054 415 2104; x_wconf 85' lang='lat' dir='ltr'><strong>tanter,</strong></span> <span class='ocrx_word' id='word_1_180' title='bbox 433 2046 524 2096; x_wconf 84' lang='lat' dir='ltr'><strong>sed</strong></span> <span class='ocrx_word' id='word_1_181' title='bbox 541 2045 766 2111; x_wconf 74' lang='lat' dir='ltr'><strong>pressius</strong></span> <span class='ocrx_word' id='word_1_182' title='bbox 788 2052 936 2109; x_wconf 82' lang='lat' dir='ltr'><strong>atque</strong></span> <span class='ocrx_word' id='word_1_183' title='bbox 950 2044 1174 2108; x_wconf 83' lang='lat' dir='ltr'><strong>penitius</strong></span> <span class='ocrx_word' id='word_1_184' title='bbox 1192 2043 1536 2108; x_wconf 73' lang='lat' dir='ltr'><strong>inspiciendas.</strong></span> <span class='ocrx_word' id='word_1_185' title='bbox 1594 2044 1723 2094; x_wconf 81' lang='lat' dir='ltr'><strong>Sub-</strong></span> 
     </span>
     <span class='ocr_line' id='line_1_25' title="bbox 238 2121 1725 2187; baseline -0.002 -14"><span class='ocrx_word' id='word_1_186' title='bbox 238 2142 344 2173; x_wconf 88' lang='lat' dir='ltr'><strong>esse</strong></span> <span class='ocrx_word' id='word_1_187' title='bbox 374 2125 502 2173; x_wconf 89' lang='lat' dir='ltr'><strong>enim</strong></span> <span class='ocrx_word' id='word_1_188' title='bbox 537 2124 669 2172; x_wconf 81' lang='lat' dir='ltr'><strong>velut</strong></span> <span class='ocrx_word' id='word_1_189' title='bbox 698 2122 940 2187; x_wconf 80' lang='lat' dir='ltr'><strong>igniculos</strong></span> <span class='ocrx_word' id='word_1_190' title='bbox 962 2121 1198 2186; x_wconf 83' lang='lat' dir='ltr'><strong>quosdam</strong></span> <span class='ocrx_word' id='word_1_191' title='bbox 1230 2128 1431 2169; x_wconf 83' lang='lat' dir='ltr'><strong>vetustoe</strong></span> <span class='ocrx_word' id='word_1_192' title='bbox 1463 2122 1725 2187; x_wconf 80' lang='lat' dir='ltr'><strong>sapientioe</strong></span> 
     </span>
     <span class='ocr_line' id='line_1_26' title="bbox 239 2199 1726 2268; baseline -0.001 -18"><span class='ocrx_word' id='word_1_193' title='bbox 239 2220 349 2268; x_wconf 81' lang='lat' dir='ltr'><strong>quce</strong></span> <span class='ocrx_word' id='word_1_194' title='bbox 387 2203 438 2249; x_wconf 92' lang='lat' dir='ltr'><strong>in</strong></span> <span class='ocrx_word' id='word_1_195' title='bbox 472 2200 864 2266; x_wconf 80' lang='lat' dir='ltr'><strong>pervestiganda</strong></span> <span class='ocrx_word' id='word_1_196' title='bbox 905 2199 1111 2247; x_wconf 82' lang='lat' dir='ltr'><strong>veritate</strong></span> <span class='ocrx_word' id='word_1_197' title='bbox 1151 2199 1300 2248; x_wconf 85' lang='lat' dir='ltr'><strong>multo</strong></span> <span class='ocrx_word' id='word_1_198' title='bbox 1321 2200 1497 2265; x_wconf 84' lang='lat' dir='ltr'><strong>suerit</strong></span> <span class='ocrx_word' id='word_1_199' title='bbox 1522 2200 1726 2265; x_wconf 87' lang='lat' dir='ltr'><strong>perspi-</strong></span> 
     </span>
     <span class='ocr_line' id='line_1_27' title="bbox 240 2276 1722 2344; baseline -0.001 -16"><span class='ocrx_word' id='word_1_200' title='bbox 240 2280 416 2336; x_wconf 89' lang='lat' dir='ltr'><strong>cacior,</strong></span> <span class='ocrx_word' id='word_1_201' title='bbox 454 2296 601 2344; x_wconf 85' lang='lat' dir='ltr'><strong>quam</strong></span> <span class='ocrx_word' id='word_1_202' title='bbox 630 2277 933 2344; x_wconf 77' lang='lat' dir='ltr'><strong>posteriores</strong></span> <span class='ocrx_word' id='word_1_203' title='bbox 957 2276 1244 2342; x_wconf 74' lang='lat' dir='ltr'><strong>philosophi</strong></span> <span class='ocrx_word' id='word_1_204' title='bbox 1266 2279 1501 2341; x_wconf 77' lang='lat' dir='ltr'><strong>ficerunt.</strong></span> <span class='ocrx_word' id='word_1_205' title='bbox 1579 2280 1722 2334; x_wconf 87' lang='lat' dir='ltr'><strong>Quod</strong></span> 
     </span>
     <span class='ocr_line' id='line_1_28' title="bbox 242 2357 1723 2417; baseline -0.001 -11"><span class='ocrx_word' id='word_1_206' title='bbox 242 2367 402 2406; x_wconf 85' lang='lat' dir='ltr'><strong>autem</strong></span> <span class='ocrx_word' id='word_1_207' title='bbox 427 2360 478 2405; x_wconf 91' lang='lat' dir='ltr'><strong>in</strong></span> <span class='ocrx_word' id='word_1_208' title='bbox 503 2366 716 2405; x_wconf 88' lang='lat' dir='ltr'><strong>extremo</strong></span> <span class='ocrx_word' id='word_1_209' title='bbox 741 2373 849 2403; x_wconf 92' lang='lat' dir='ltr'><strong>vere</strong></span> <span class='ocrx_word' id='word_1_210' title='bbox 879 2357 1109 2417; x_wconf 90' lang='lat' dir='ltr'><strong>Synesius</strong></span> <span class='ocrx_word' id='word_1_211' title='bbox 1141 2357 1282 2412; x_wconf 87' lang='lat' dir='ltr'><strong>dixit,</strong></span> <span class='ocrx_word' id='word_1_212' title='bbox 1306 2357 1434 2403; x_wconf 91' lang='lat' dir='ltr'><strong>idem</strong></span> <span class='ocrx_word' id='word_1_213' title='bbox 1464 2358 1534 2404; x_wconf 88' lang='lat' dir='ltr'><strong>M.</strong></span> <span class='ocrx_word' id='word_1_214' title='bbox 1556 2357 1723 2404; x_wconf 88' lang='lat' dir='ltr'><strong>Tullio</strong></span> 
     </span>
     <span class='ocr_line' id='line_1_29' title="bbox 242 2435 1723 2498; baseline 0 -15"><span class='ocrx_word' id='word_1_215' title='bbox 242 2437 376 2498; x_wconf 91' lang='lat' dir='ltr'><strong>prius</strong></span> <span class='ocrx_word' id='word_1_216' title='bbox 404 2437 456 2483; x_wconf 92' lang='lat' dir='ltr'><strong>in</strong></span> <span class='ocrx_word' id='word_1_217' title='bbox 493 2443 700 2482; x_wconf 87' lang='lat' dir='ltr'><strong>mentem</strong></span> <span class='ocrx_word' id='word_1_218' title='bbox 726 2442 934 2481; x_wconf 87' lang='lat' dir='ltr'><strong>venerat.</strong></span> <span class='ocrx_word' id='word_1_219' title='bbox 1007 2435 1086 2482; x_wconf 89' lang='lat' dir='ltr'><strong>Sic</strong></span> <span class='ocrx_word' id='word_1_220' title='bbox 1110 2436 1239 2482; x_wconf 90' lang='lat' dir='ltr'><strong>enim</strong></span> <span class='ocrx_word' id='word_1_221' title='bbox 1271 2436 1350 2482; x_wconf 90' lang='lat' dir='ltr'><strong>ille</strong></span> <span class='ocrx_word' id='word_1_222' title='bbox 1380 2437 1657 2482; x_wconf 87' lang='lat' dir='ltr'><strong>Tusculana</strong></span> <span class='ocrx_word' id='word_1_223' title='bbox 1681 2436 1723 2483; x_wconf 82' lang='grc' dir='ltr'><strong>Ι.</strong></span> 
     </span>
     <span class='ocr_line' id='line_1_30' title="bbox 241 2511 1725 2578; baseline -0.001 -17"><span class='ocrx_word' id='word_1_224' title='bbox 241 2513 552 2578; x_wconf 83' lang='lat' dir='ltr'><strong>Antiquitas,</strong></span> <span class='ocrx_word' id='word_1_225' title='bbox 577 2529 672 2576; x_wconf 81' lang='lat' dir='ltr'><strong>quo</strong></span> <span class='ocrx_word' id='word_1_226' title='bbox 686 2511 903 2576; x_wconf 85' lang='lat' dir='ltr'><strong>propius</strong></span> <span class='ocrx_word' id='word_1_227' title='bbox 926 2512 1103 2560; x_wconf 82' lang='lat' dir='ltr'><strong>aberat</strong></span> <span class='ocrx_word' id='word_1_228' title='bbox 1123 2512 1186 2559; x_wconf 91' lang='lat' dir='ltr'><strong>ab</strong></span> <span class='ocrx_word' id='word_1_229' title='bbox 1209 2519 1319 2560; x_wconf 86' lang='lat' dir='ltr'><strong>ortu</strong></span> <span class='ocrx_word' id='word_1_230' title='bbox 1344 2518 1392 2560; x_wconf 86' lang='lat' dir='ltr'><strong>et</strong></span> <span class='ocrx_word' id='word_1_231' title='bbox 1417 2511 1588 2559; x_wconf 84' lang='lat' dir='ltr'><strong>divina</strong></span> <span class='ocrx_word' id='word_1_232' title='bbox 1605 2527 1725 2576; x_wconf 81' lang='lat' dir='ltr'><strong>pro-</strong></span> 
     </span>
     <span class='ocr_line' id='line_1_31' title="bbox 234 2589 1444 2655; baseline -0.002 -16"><span class='ocrx_word' id='word_1_233' title='bbox 234 2591 399 2655; x_wconf 85' lang='lat' dir='ltr'><strong>genie,</strong></span> <span class='ocrx_word' id='word_1_234' title='bbox 423 2590 511 2638; x_wconf 80' lang='lat' dir='ltr'><strong>lzoc</strong></span> <span class='ocrx_word' id='word_1_235' title='bbox 536 2589 720 2646; x_wconf 69' lang='lat' dir='ltr'><strong>meliuS,</strong></span> <span class='ocrx_word' id='word_1_236' title='bbox 744 2607 854 2654; x_wconf 84' lang='lat' dir='ltr'><strong>quce</strong></span> <span class='ocrx_word' id='word_1_237' title='bbox 877 2597 1023 2638; x_wconf 88' lang='lat' dir='ltr'><strong>erant</strong></span> <span class='ocrx_word' id='word_1_238' title='bbox 1043 2607 1177 2647; x_wconf 84' lang='lat' dir='ltr'><strong>vera,</strong></span> <span class='ocrx_word' id='word_1_239' title='bbox 1202 2590 1444 2639; x_wconf 83' lang='lat' dir='ltr'><strong>cernebat.</strong></span> 
     </span>
     <span class='ocr_line' id='line_1_32' title="bbox 22 2667 1724 2733; baseline -0.002 -17"><span class='ocrx_word' id='word_1_240' title='bbox 22 2689 74 2721; x_wconf 80' lang='lat' dir='ltr'><strong>De</strong></span> <span class='ocrx_word' id='word_1_241' title='bbox 84 2700 146 2721; x_wconf 72' lang='lat' dir='ltr'><strong>usu</strong></span> <span class='ocrx_word' id='word_1_242' title='bbox 156 2699 229 2730; x_wconf 73' lang='lat' dir='ltr'><strong>pro-</strong></span> <span class='ocrx_word' id='word_1_243' title='bbox 311 2669 540 2716; x_wconf 85' lang='lat' dir='ltr'><strong>Ceterum</strong></span> <span class='ocrx_word' id='word_1_244' title='bbox 575 2671 633 2714; x_wconf 93' lang='lat' dir='ltr'><strong>de</strong></span> <span class='ocrx_word' id='word_1_245' title='bbox 662 2685 753 2714; x_wconf 89' lang='lat' dir='ltr'><strong>usu</strong></span> <span class='ocrx_word' id='word_1_246' title='bbox 789 2676 933 2730; x_wconf 86' lang='lat' dir='ltr'><strong>atque</strong></span> <span class='ocrx_word' id='word_1_247' title='bbox 962 2670 1174 2717; x_wconf 87' lang='lat' dir='ltr'><strong>utilitate</strong></span> <span class='ocrx_word' id='word_1_248' title='bbox 1213 2670 1494 2733; x_wconf 87' lang='lat' dir='ltr'><strong>adagiorum</strong></span> <span class='ocrx_word' id='word_1_249' title='bbox 1531 2667 1724 2714; x_wconf 89' lang='lat' dir='ltr'><strong>disserit</strong></span> 
     </span>
     <span class='ocr_line' id='line_1_33' title="bbox 20 2733 1725 2810; baseline -0.002 -16"><span class='ocrx_word' id='word_1_250' title='bbox 20 2733 214 2765; x_wconf 87' lang='lat' dir='ltr'><strong>verbiorum.</strong></span> <span class='ocrx_word' id='word_1_251' title='bbox 241 2747 436 2794; x_wconf 91' lang='lat' dir='ltr'><strong>uberius</strong></span> <span class='ocrx_word' id='word_1_252' title='bbox 473 2747 736 2792; x_wconf 86' lang='lat' dir='ltr'><strong>Erasmus:</strong></span> <span class='ocrx_word' id='word_1_253' title='bbox 773 2762 859 2792; x_wconf 91' lang='lat' dir='ltr'><strong>nos</strong></span> <span class='ocrx_word' id='word_1_254' title='bbox 895 2749 991 2793; x_wconf 91' lang='lat' dir='ltr'><strong>duo</strong></span> <span class='ocrx_word' id='word_1_255' title='bbox 1020 2748 1238 2810; x_wconf 86' lang='lat' dir='ltr'><strong>attigisse</strong></span> <span class='ocrx_word' id='word_1_256' title='bbox 1273 2746 1501 2801; x_wconf 90' lang='lat' dir='ltr'><strong>contenti,</strong></span> <span class='ocrx_word' id='word_1_257' title='bbox 1537 2746 1596 2791; x_wconf 87' lang='lat' dir='ltr'><strong>ad</strong></span> <span class='ocrx_word' id='word_1_258' title='bbox 1629 2744 1725 2791; x_wconf 86' lang='lat' dir='ltr'><strong>alia</strong></span> 
     </span>
     <span class='ocr_line' id='line_1_34' title="bbox 240 2822 1725 2888; baseline -0.002 -18"><span class='ocrx_word' id='word_1_259' title='bbox 240 2839 567 2886; x_wconf 87' lang='lat' dir='ltr'><strong>properamus.</strong></span> <span class='ocrx_word' id='word_1_260' title='bbox 654 2822 785 2869; x_wconf 91' lang='lat' dir='ltr'><strong>Usus</strong></span> <span class='ocrx_word' id='word_1_261' title='bbox 825 2824 951 2869; x_wconf 91' lang='lat' dir='ltr'><strong>enim</strong></span> <span class='ocrx_word' id='word_1_262' title='bbox 990 2826 1288 2888; x_wconf 84' lang='lat' dir='ltr'><strong>adagiorum‚</strong></span> <span class='ocrx_word' id='word_1_263' title='bbox 1324 2826 1406 2871; x_wconf 92' lang='lat' dir='ltr'><strong>sed</strong></span> <span class='ocrx_word' id='word_1_264' title='bbox 1441 2839 1539 2870; x_wconf 91' lang='lat' dir='ltr'><strong>non</strong></span> <span class='ocrx_word' id='word_1_265' title='bbox 1579 2822 1725 2868; x_wconf 86' lang='lat' dir='ltr'><strong>nimis</strong></span> 
     </span>
     <span class='ocr_line' id='line_1_35' title="bbox 241 2901 1728 2963; baseline -0.003 -13"><span class='ocrx_word' id='word_1_266' title='bbox 241 2905 482 2963; x_wconf 86' lang='lat' dir='ltr'><strong>frequens,</strong></span> <span class='ocrx_word' id='word_1_267' title='bbox 507 2917 613 2947; x_wconf 89' lang='lat' dir='ltr'><strong>cum</strong></span> <span class='ocrx_word' id='word_1_268' title='bbox 641 2901 691 2946; x_wconf 90' lang='lat' dir='ltr'><strong>in</strong></span> <span class='ocrx_word' id='word_1_269' title='bbox 719 2917 935 2948; x_wconf 90' lang='lat' dir='ltr'><strong>sermone</strong></span> <span class='ocrx_word' id='word_1_270' title='bbox 960 2903 1109 2948; x_wconf 91' lang='lat' dir='ltr'><strong>enitet</strong></span> <span class='ocrx_word' id='word_1_271' title='bbox 1134 2904 1378 2958; x_wconf 85' lang='lat' dir='ltr'><strong>familiari,</strong></span> <span class='ocrx_word' id='word_1_272' title='bbox 1401 2909 1505 2949; x_wconf 89' lang='lat' dir='ltr'><strong>tum</strong></span> <span class='ocrx_word' id='word_1_273' title='bbox 1531 2902 1582 2947; x_wconf 93' lang='lat' dir='ltr'><strong>in</strong></span> <span class='ocrx_word' id='word_1_274' title='bbox 1606 2901 1728 2947; x_wconf 84' lang='lat' dir='ltr'><strong>ami-</strong></span> 
     </span>
     <span class='ocr_line' id='line_1_36' title="bbox 243 2979 1727 3040; baseline -0.001 -13"><span class='ocrx_word' id='word_1_275' title='bbox 243 2997 405 3028; x_wconf 86' lang='lat' dir='ltr'><strong>corum</strong></span> <span class='ocrx_word' id='word_1_276' title='bbox 432 2980 659 3040; x_wconf 82' lang='lat' dir='ltr'><strong>epistoliS,</strong></span> <span class='ocrx_word' id='word_1_277' title='bbox 684 2986 738 3025; x_wconf 89' lang='lat' dir='ltr'><strong>ut</strong></span> <span class='ocrx_word' id='word_1_278' title='bbox 764 2980 1040 3027; x_wconf 88' lang='lat' dir='ltr'><strong>Demetrius</strong></span> <span class='ocrx_word' id='word_1_279' title='bbox 1072 2982 1332 3028; x_wconf 86' lang='lat' dir='ltr'><strong>Phalereus</strong></span> <span class='ocrx_word' id='word_1_280' title='bbox 1356 2982 1439 3027; x_wconf 92' lang='lat' dir='ltr'><strong>lib.</strong></span> <span class='ocrx_word' id='word_1_281' title='bbox 1464 2979 1727 3033; x_wconf 24' lang='lat' dir='ltr'><strong>de-Elocu-</strong></span> 
     </span>
    </p>
   </div>
  </div>
 </body>
</html>
