1800 3250
254 218 280 244 x
822 202 1170 247 PRAEFATIO

253 320 522 382 subjicitur.
592 321 715 375 Quae
764 321 970 368 Metrica
1011 322 1286 378 Proverbia,
1329 339 1424 384 quo
1459 322 1735 369 rudioribus

252 399 551 459 obsequerer,
593 415 870 460 moremque
916 401 1221 462 typographo
1266 416 1497 464 gererem,
1534 400 1736 447 totidem

252 478 444 524 Latinis
474 479 703 532 versibus,
739 480 999 538 eodemque
1034 480 1175 525 metri
1210 497 1399 543 genere,
1432 481 1580 542 epico,
1617 482 1737 528 iam-

250 556 372 611 bico,
392 573 445 602 ac
468 556 724 612 trochaico,
743 557 901 616 quoad
925 555 1028 601 fieri
1053 558 1156 618 ejus
1182 573 1210 603 a
1233 574 1309 604 me
1331 558 1507 618 potuit,
1531 559 1736 606 fideliter

250 641 359 694 post
384 635 579 681 Erasmi
615 651 668 681 ac
705 635 823 680 Fed.
850 634 1045 680 Morelli
1081 635 1224 698 Regii
1261 635 1552 684 Professoris
1587 637 1736 684 inter-

250 713 568 773 pretationem
594 715 790 759 reddere
818 713 1013 759 tentavi.
1085 713 1214 767 Quid
1250 714 1342 760 sim
1378 722 1637 771 assecutus,
1663 718 1736 762 vel

251 799 440 838 secutus
477 794 653 852 potius,
690 798 830 838 tuum
867 792 959 837 erit
990 791 1245 852 judicium.
1315 791 1527 839 Abunde
1564 793 1656 840 erit
1693 794 1735 840 si

249 872 391 916 fidem
422 870 512 916 tibi
547 870 826 930 probaverO,
850 869 935 930 qui
965 875 1117 928 poetae
1154 884 1326 914 nomen
1363 885 1627 932 numquam
1663 871 1734 918 af-

248 948 495 994 fectarim:
532 948 753 1008 lampade
787 946 894 992 aliis
930 947 1123 1001 tradita,
1153 948 1366 994 lauream
1401 948 1620 996 invidens
1655 965 1740 996 ne-

250 1026 383 1071 mini.
455 1026 596 1071 Certe
629 1041 736 1086 spes
763 1030 835 1071 est
866 1024 1101 1085 aequiores
1137 1025 1257 1071 mihi
1292 1026 1395 1072 fore
1423 1026 1626 1088 judices,
1650 1027 1736 1088 qui

250 1103 371 1149 nihil
406 1103 496 1149 hoc
527 1102 877 1164 interpretandi
911 1118 1084 1164 genere
1119 1102 1359 1149 difficilius
1394 1119 1510 1159 esse,
1535 1105 1608 1151 vel
1640 1120 1737 1151 usu

250 1181 675 1227 animadverterint
709 1181 818 1242 ipsi,
842 1183 916 1226 vel
950 1181 1002 1226 in
1037 1181 1201 1226 eadem
1237 1196 1382 1227 arena
1416 1182 1735 1229 decertarint:

250 1274 359 1304 cum
387 1275 446 1304 ne
481 1259 748 1305 Homerum
774 1259 969 1319 quidem
1005 1259 1254 1318 poetarum
1283 1258 1551 1319 principem
1574 1275 1737 1307 recen-

249 1335 429 1381 tiorum
453 1337 709 1397 quisquam
746 1336 945 1382 totidem
982 1335 1158 1381 Latine
1191 1336 1406 1382 versibus
1442 1338 1638 1383 reddere
1673 1339 1735 1384 ad

248 1414 372 1460 hanc
403 1415 529 1461 diem
556 1414 788 1460 voluerit:
826 1414 916 1459 etsi
954 1413 1222 1459 Hesiodum
1247 1414 1424 1474 Ulpius
1460 1414 1663 1471 Frisius‚
1687 1421 1736 1462 et

249 1491 429 1537 Musaei
452 1488 620 1552 παίγνια
643 1491 773 1537 And.
795 1491 976 1551 Papius
1001 1491 1248 1537 tentarint.

317 1568 385 1614 Et
410 1584 521 1614 vero
545 1569 667 1614 nihil
693 1584 862 1630 meum
889 1569 1017 1614 hunc
1049 1574 1289 1624 conatum,
1313 1584 1479 1615 eorum
1503 1568 1589 1629 qui
1623 1574 1736 1615 ante

246 1663 323 1692 me
361 1647 610 1707 proverbia
641 1647 899 1709 diligenter
931 1662 956 1692 e
986 1646 1168 1692 Graecis
1205 1646 1490 1707 Latinisque
1525 1647 1734 1693 auctori-

247 1725 335 1771 bus
372 1727 617 1787 collegere,
642 1725 907 1786 infringere
942 1723 1108 1769 debuit
1140 1723 1407 1769 industria:
1442 1726 1570 1785 quod
1605 1741 1736 1772 sum-

246 1818 381 1849 mum
414 1818 468 1848 ac
503 1803 767 1862 perfectum
803 1802 852 1847 id
889 1803 1081 1847 demum
1118 1817 1218 1846 esse
1254 1801 1487 1857 videatur,
1512 1803 1590 1850 cui
1622 1804 1735 1850 addi

247 1880 453 1940 amplius
478 1880 600 1925 nihil
628 1880 791 1939 possit.
856 1879 1229 1925 Proverbiorum
1254 1895 1365 1925 vero
1389 1880 1580 1928 infinita
1601 1898 1735 1942 quae·

247 1960 358 2004 dam
397 1964 469 2004 est
503 1963 647 2017 atque
685 1957 1047 2003 innumerabilis
1084 1956 1300 2002 omnium
1336 1973 1474 2017 paene
1513 1960 1734 2022 gentium

247 2036 432 2082 ratione
457 2042 504 2080 et
529 2035 743 2081 oratione
767 2035 1008 2081 utentium
1033 2035 1183 2095 copia.
1254 2035 1386 2089 Quin
1421 2036 1584 2097 itaque
1611 2053 1735 2084 cres-

247 2129 350 2159 cere
385 2113 490 2159 haec
525 2113 678 2159 indies
715 2113 834 2159 silva
859 2113 1139 2176 adagiorum
1176 2114 1378 2176 legendo
1410 2121 1735 2162 commentan-

247 2193 402 2252 doque
439 2197 598 2251 queat,
635 2207 791 2246 nemo,
825 2191 922 2238 nisi
956 2192 1214 2237 admodum
1251 2190 1302 2236 in
1339 2191 1513 2238 litteris
1545 2192 1733 2253 hospes,

246 2270 550 2316 infitiabitur.
621 2269 692 2315 At
717 2285 776 2315 ne
799 2269 1111 2315 Aristotelem
1137 2268 1332 2329 quidem
1359 2268 1434 2328 (ut
1459 2268 1652 2316 Graecos
1680 2270 1734 2316 in

246 2347 337 2393 hoc
360 2347 633 2409 argumenti
668 2362 842 2409 genere
866 2346 1187 2407 potissimum,
1212 2362 1266 2392 ac
1294 2346 1735 2409 paroemiographo-

247 2441 355 2470 rum
392 2425 656 2484 principem
699 2425 962 2485 nominem)
1001 2423 1051 2468 in
1093 2423 1397 2486 philosophia
1436 2424 1669 2470 deterruit
1703 2441 1734 2471 a

248 2502 497 2548 scribendo
522 2502 740 2549 Platonis
764 2501 1060 2562 amplitud03
1098 2517 1184 2547 nec
1208 2500 1310 2560 ipse
1333 2499 1620 2547 Aristoteles
1649 2503 1733 2548 ad-

247 2580 457 2626 mirabili
492 2581 700 2640 quadam
735 2578 949 2633 scientia,
985 2593 1279 2640 aureumque
1313 2579 1502 2625 dicendi
1536 2578 1731 2635 flumen,

247 2663 514 2703 ceterorum
538 2657 800 2718 aequalium
833 2655 995 2702 studia
1017 2655 1257 2702 restinxit.
1328 2656 1454 2703 Nam
1490 2655 1543 2701 in
1577 2656 1746 2716 poetis

247 2749 344 2779 non
384 2734 469 2779 uni
507 2735 721 2781 Homero
755 2736 886 2780 locus
922 2739 994 2779 est
1028 2733 1079 2778 in
1114 2733 1348 2801 heroicis;
1385 2739 1470 2779 aut
1507 2733 1733 2794 Sophocli

248 2814 321 2857 vel
346 2812 575 2872 Euripidi
599 2813 650 2858 in
675 2812 901 2875 tragicis,
936 2817 1021 2857 aut
1044 2811 1096 2856 in
1127 2811 1290 2872 lyricis
1315 2810 1527 2856 Pindaro
1546 2812 1618 2857 vel
1642 2811 1734 2857 Al..

247 2904 375 2945 cae0;
413 2892 494 2936 sed
519 2891 693 2936 horum
718 2892 791 2936 vel
812 2889 1050 2943 secundis,
1070 2891 1144 2934 vel
1162 2888 1307 2934 etiam
1331 2887 1459 2934 infra
1482 2889 1730 2936 secundos.

249 2967 366 3014 Post
400 2967 776 3015 Demosthenem
811 2983 938 3024 vero,
961 2968 1159 3030 eJusque
1195 2966 1520 3013 adversarium
1543 2967 1732 3014 AEsch-i-
