1852 3308
75 1029 136 1070 44

142 191 198 234 V.

143 306 210 358 ἐπὶ
231 307 431 370 1’“Θῆβας.

726 197 1010 244 ΖΕΝΟΒῙῙ.

1533 218 1616 263 357

143 385 252 442 ἔθους
274 386 437 452 ἔχοντες
455 390 629 451 πέμπειν
650 395 708 456 τῷ
730 391 915 441 Οἰδίποδι
939 394 1116 442 ἑκάστου
1139 394 1279 460 ἱερείου
1307 395 1374 444 τόν
1394 394 1511 461 οἷμον,
1535 399 1623 446 ε’πι-

142 464 352 527 λαθόμενοι
386 465 542 531 ἰι’σχιόν
581 467 780 531 ἔπεμψαν·
830 472 850 517 ὅ
896 471 938 519 δε
978 471 1150 534 νομίσας
1195 473 1404 568 ὑβρίσθαι,
1444 498 1623 541 κατηρα-

145 563 250 590 σατο
273 542 423 597 αὔτοῒς.

490 546 634 594 Ἄλλοι
665 546 709 594 δὲ
738 547 942 610 λεγουσιν,
978 548 1038 596 ὁτι
1066 571 1178 610 μετα
1212 572 1259 599 το
1292 552 1623 617 ἄναγνωρισθῆναι

143 618 338 673 Οιδίσους
360 626 415 686 τῇ
437 643 562 686 μητρι
592 623 715 672 αὐτοῦ
740 627 951 692 Ἰοκάστη,
982 648 1061 679 τας
1092 627 1199 682 ι’διάς
1232 627 1342 687 οψεις
1375 630 1624 692 ἐτύφλωσεν.

143 694 316 744 Γνοντων
348 697 391 746 δὲ
429 705 504 746 τῶν
535 700 734 766 ἐγχωρίων
762 723 809 750 το
846 701 1051 766 γενόμενον
1084 726 1230 765 μυσος,
1260 727 1328 753 και
1368 714 1444 755 τῶν
1476 712 1627 766 Θηβῶν
1641 721 1673 755 Β

143 773 335 823 Οἶδίπουν
369 775 661 837 ε’ξελαυνοντων,
696 787 781 834 τοῖς
819 803 942 828 παισι
980 784 1259 847 κατηράσατο,
1294 783 1381 832 ἐπεὶ
1412 785 1628 851 διωκομένῳ

143 856 218 910 τῆς
246 850 398 907 πόλεως
436 853 507 902 οὗκ
538 855 751 918 ἐπήμυναν·
787 857 854 905 δια
887 864 1005 906 τοῦτο
1042 881 1111 907 και
1152 859 1215 907 ὑπ’
1247 860 1439 919 ἀλλήλων
1466 883 1629 927 υστερον

143 929 402 997 ἀνῃρέθησαν·

212 1006 434 1057 &Oh-2102
455 1010 656 1059 ΔΑίκαΝε

699 1013 919 1078 Κλέαρχος
940 1013 1084 1074 φησιν,
1108 1013 1168 1062 οτι
1193 1014 1343 1077 δαίμων
1368 1037 1433 1069 τις
1460 1016 1630 1070 Οιταῖος

147 1077 466 1149 ετωνομᾶσθη,“
445 1109 489 1142 ος
513 1087 628 1154 υβριν
650 1110 719 1137 και
743 1089 1016 1186 ὗπερηφανιαν
1036 1093 1139 1139 πάνυ
1158 1091 1374 1154 ἐμίσησεν.

75 1186 134 1230 4⁵
214 1161 322 1212 0101
371 1186 434 1214 HR
483 1187 509 1213 0
554 1186 731 1214 annon
777 1188 933 1215 TEPATI
982 1188 1356 1218 zrmuempalm·

1406 1170 1510 1218 *Eri
1555 1177 1630 1218 τῶν

147 1243 549 1307 δυσανασχετούντων
571 1243 642 1292 ε’τί
668 1265 745 1291 τινι
778 1245 975 1309 δυσχερεῒ
998 1247 1213 1309 πράγματι
1249 1247 1419 1310 λέγεται
1443 1249 1468 1306 ἦ
1491 1269 1632 1312 παροι-

1554 1322 1578 1332 ..0

146 1319 240 1383 μία.
309 1320 496 1380 Κύκλωψ
515 1324 596 1386 γάρ
621 1323 711 1371 ε’στι
741 1323 877 1388 δρᾶμα
911 1322 1147 1380 ιΦιλοξένου
1170 1330 1240 1372 τοῦ
1262 1330 1443 1383 ποιητοῦ,
1477 1325 1515 1373 ἔν
1549 1331 1578 1390 ᾧ
1613 1327 1632 1372 ὅ

148 1398 384 1453 Ὀδυσσεὺς
404 1399 660 1464 περισχεθεὶς
683 1407 781 1466 ωτῷ
803 1406 873 1449 τοῦ
896 1400 1119 1456 Κύκλωπος
1143 1401 1334 1467 σπηλαίῳ
1356 1402 1487 1465 λέγει,

257 1478 324 1526 Οἵφ
342 1482 379 1527 μ’
397 1480 412 1515 ὅ
431 1480 555 1527 δαίμων
575 1480 690 1528 τέρατι
710 1478 984 1529 Πσυγκαθεῒρξεν.

77 1552 137 1606 46
215 1561 359 1606 ωὈΣΔ
382 1560 485 1607 M÷2
510 1558 569 1606 rin
592 1559 792 1608 nizam:
834 1558 947 1619 Αἶα-η
978 1563 1003 1620 ἦ
1036 1559 1234 1624 παροιμία
1268 1559 1420 1624 εἴρηται
1456 1557 1522 1607 ἐπὶ
1557 1564 1632 1606 τῶν

147 1715 345 1754 Erasmus.
374 1714 570 1767 Diogenes
583 1714 750 1766 Cynicus
764 1716 863 1766 apud

147 1768 346 1807 Laenium
366 1768 582 1821 Diogenem
602 1772 771 1819 Τραγικὰς
786 1773 867 1819 ἀρὰς

149 1822 241 1860 hinc
259 1822 376 1861 etiam
394 1823 542 1861 extulit.
572 1824 801 1861 SCHOTT.

203 1875 227 1904 ¹²
251 1879 390 1926 Θήβας]
424 1878 557 1924 Θήβαις
592 1878 646 1915 H.
679 1877 745 1928 qui
779 1890 867 1915 mox

148 1943 227 1968 om.
244 1930 309 1968 ὅτι.

203 1983 370 2034 ilexlan]
409 1987 509 2033 ἰσχία
535 1986 578 2023 P.
626 1985 863 2037 Leg.1'o·xa'ou.

150 2038 382 2077 Vid.Schol.
395 2040 516 2090 Soph.
533 2039 629 2077 OEd.
643 2039 729 2077 Col.
750 2050 864 2088 1375.

203 2091 228 2120 k
247 2094 401 2143 Οἰταῖος]
423 2093 569 2131 Eadem
589 2105 700 2144 paene
718 2092 866 2145 Dioge-

150 2145 288 2185 nianus
316 2147 441 2185 refert.
500 2146 707 2186 Herculem
737 2155 865 2185 autem

149 2200 351 2252 significari
379 2202 554 2245 arbitror,
574 2201 638 2252 qui
657 2208 696 2238 et
726 2203 868 2239 OEtaeus

150 2262 251 2292 teste
274 2253 459 2298 Diodoro,
480 2254 630 2299 ovidio,
656 2263 697 2293 et
723 2256 869 2293 Seneca

149 2307 316 2360 Tragico
354 2308 491 2353 dictus,
528 2316 568 2346 et
614 2317 771 2347 auctore
817 2309 866 2349 Q

150 2361 291 2400 Flacco
309 2361 349 2400 in
369 2362 463 2400 deos
486 2362 625 2400 relatus
651 2370 723 2407 est,
743 2363 867 2401 Heros

150 2417 306 2455 effectus
325 2416 425 2454 Oda.
454 2416 681 2454 SCHO'IT.

205 2469 218 2498 l
230 2468 419 2518 Φιλοξένου]
437 2471 634 2508 Philoxeni
645 2470 778 2508 drama
791 2471 867 2508 Ga-

152 2525 253 2562 lutea
272 2524 356 2569 fuit,
371 2537 484 2575 quam
506 2523 666 2562 amicam
687 2523 865 2576 Cyclops,

150 2579 227 2617 hoc
248 2586 320 2623 est,
350 2577 558 2629 Dionysius
578 2586 759 2629 tyrannus
778 2578 867 2616 ada-

152 2631 279 2678 marit,
299 2645 322 2670 e
342 2645 419 2683 quo
437 2645 567 2670 versus
589 2632 793 2670 Athenaeus
812 2632 868 2670 ci-

152 2695 223 2724 tat.
280 2686 495 2724 Historiam
524 2698 546 2723 e
575 2685 692 2724 Suida
720 2687 767 2724 de
792 2686 870 2724 La-

152 2739 284 2779 tomiis
307 2747 587 2778 commemorat
610 2740 813 2778 Chiliastes
831 2739 871 2778 in

153 2794 300 2846 adagio,
340 2795 413 2843 [11.
446 2807 479 2838 1,
508 2795 594 2843 31.]
631 2795 870 2844 Lapidicinas

153 2861 211 2886 me
239 2849 424 2891 abducito,
452 2856 494 2885 et
520 2849 661 2886 Junius
690 2848 730 2886 in
760 2849 868 2900 adag.

155 2903 353 2940 Philoxeni
368 2903 524 2945 libellus,
539 2900 720 2941 Giraldus
734 2903 773 2940 in
787 2906 869 2954 ejus

154 2955 244 3001 vita,
268 2955 434 3008 Dialogo
456 2956 532 2995 lx.
559 2955 704 2995 Histor.
735 2964 868 3009 poeta-

921 1729 1019 1753 rum.
1067 1714 1190 1752 vatic.
1217 1722 1344 1753 autem
1374 1715 1449 1752 hoc
1470 1715 1559 1752 loco
1577 1713 1631 1752 le-

920 1769 999 1821 git:
1028 1773 1062 1806 ἐν
1082 1767 1106 1816 ᾧ
1122 1771 1302 1812 Ὀδυσσεὺς
1319 1767 1411 1818 λέγει
1430 1769 1470 1805 τὸ
1484 1772 1632 1812 τοιοῖἓῐον,

921 1822 1055 1862 ceteris
1074 1821 1348 1873 praetermissis.
1378 1822 1605 1860 SCHOTT.

976 1885 1010 1905 ¹¹²
1028 1878 1094 1926 τᾷ]
1118 1882 1165 1925 τῷ
1182 1882 1239 1914 τοῦ
1258 1877 1301 1913 P.

976 1939 999 1958 ¹¹
1017 1929 1268 1981 συγκαθεῖρξεν]
1288 1929 1567 1967 Valckenaerius
1586 1929 1633 1966 ad

919 1984 1053 2036 Eurip.
1085 1984 1245 2036 Hippoi.
1269 1984 1385 2034 1389.
1415 1982 1523 2020 malit
1546 1998 1634 2031 συγ-

919 2042 1117 2087 κατῴκισεν.

977 2100 997 2121 0
1008 2092 1106 2129 Ὅσα
1120 2096 1178 2129 Μυ
1180 2092 1211 2140 ς]
1234 2090 1381 2130 Eadem
1403 2090 1552 2133 Suidas,
1565 2089 1634 2126 ad-

922 2147 1017 2185 dens
1035 2145 1266 2206 Olympiade
1283 2144 1494 2188 centesima
1517 2142 1635 2181 semel

923 2201 1124 2239 dumtaxat
1151 2198 1297 2243 vicisse,
1327 2211 1450 2249 neque
1477 2198 1525 2235 de
1554 2197 1636 2234 ani-

926 2254 1014 2293 mali
1044 2253 1083 2291 in
1122 2253 1206 2305 pice
1237 2265 1452 2291 sermonem
1490 2252 1557 2296 ait,
1588 2250 1636 2288 de

925 2321 1001 2360 quo
1020 2307 1134 2351 aliud,
1150 2313 1212 2356 μῦς
1224 2306 1301 2356 ἄρτι
1290 2323 1355 2343 am
1345 2308 1441 2352 ι’σσης
1457 2305 1634 2353 γενόμενος.

923 2362 1031 2400 Male
1055 2361 1184 2411 itaque
1210 2361 1416 2410 utrobique
1435 2362 1542 2408 πίσσῃ
1568 2370 1637 2407 pro

923 2419 1015 2465 Πισῃ
1042 2414 1190 2466 legitur.
1247 2413 1450 2451 Diversum
1487 2412 1536 2449 ab
1566 2412 1638 2449 hoc

923 2468 1163 2520 proverbium
1201 2467 1240 2505 in
1282 2469 1375 2505 Jure
1420 2465 1636 2510 Pontificio,

924 2525 1013 2561 Mus
1039 2525 1078 2560 in
1103 2535 1208 2571 pera.
1237 2534 1322 2573 cap.
1351 2520 1450 2558 Etsi.
1480 2520 1539 2558 De
1563 2520 1637 2556 Ju-

924 2577 1029 2616 daeis.
1058 2577 1120 2614 De
1143 2576 1201 2614 his
1220 2583 1348 2613 autem
1366 2573 1638 2613 certaminibus

926 2631 1208 2669 PlutarchusV.
1222 2628 1458 2681 Symposiac.
1466 2627 1638 2677 Phlegon

925 2683 1168 2724 Trallianus
1158 2697 1199 2722 m
1219 2682 1445 2734 olympicis,
1462 2681 1576 2719 etiam
1598 2678 1636 2715 in

927 2738 1055 2778 Photii
1077 2738 1330 2781 Bibliotheca,
1351 2745 1390 2774 et
1415 2736 1455 2773 in
1476 2734 1636 2784 Agonis-

923 2793 1008 2832 ticis
1026 2794 1162 2831 Petrus
1177 2790 1336 2836 Faber,
1328 2804 1365 2828 m
1382 2785 1636 2839 Gymnasticis

925 2849 1088 2886 Hieron.
1118 2843 1367 2888 Mercurialis,
1388 2842 1428 2879 in
1454 2842 1637 2878 Saturna-

923 2901 1024 2940 libus
1079 2899 1242 2951 denique
1288 2895 1442 2948 Lipsius
1494 2901 1636 2931 noster.

926 2957 986 2994 SC
993 2955 1154 2994 HOTT.

501 314 750 377 Ἶστορεῒται
767 314 826 373 δὲ,
850 314 911 362 ὅτι
939 310 1168 375 *Ετεοκλῆξ
1190 317 1259 366 καὶ
1283 320 1548 380 Πολυνείκης,
1571 321 1619 369 δι’
1635 339 1674 371 A

1642 1115 1673 1149 C

1644 1500 1682 1534 D
