1800 3250
487 227 774 270 ANDREAE
810 227 1108 269 SCHOTTI.
1502 228 1545 270 xi

57 357 182 399 nem,
206 345 354 406 atque
373 332 663 399 Isocratem,
689 344 771 391 alii
796 344 939 391 multi
963 344 1081 391 clari
1111 346 1172 391 ad
1196 345 1357 390 decem
1393 360 1547 406 usque

57 417 110 469 in
133 422 324 470 Graecia
346 428 559 469 oratores
587 422 876 468 exstiterunt
912 428 1068 477 antea,
1098 438 1185 469 nec
1218 429 1384 482 postea
1418 423 1546 469 defe-

46 506 241 547 cerunt.
312 501 483 561 Neque
520 502 676 546 solum
717 500 778 547 ab
819 496 1023 560 optimis*
1062 500 1235 546 studiis
1281 500 1547 561 iisdemque

56 578 331 639 premendis
354 577 571 641 vestigiis
594 580 877 624 excellentes
907 577 999 623 viri
1032 578 1251 624 deterriti
1285 594 1382 625 non
1418 586 1547 634 sunt,

0 710 5 714 ¹
59 654 143 703 sed
165 671 226 703 ne
249 656 440 717 opifices
463 656 657 717 quidem
694 671 744 702 se
779 656 840 702 ab
863 655 1049 702 artibus
1077 655 1178 701 suis
1214 663 1547 723 removerunt:

60 748 170 780 cum
193 740 303 795 post
325 735 563 796 Apellem,
587 741 694 794 post
714 734 1030 781 Parrhasium
1050 741 1099 780 et
1122 734 1324 790 Zeuxin,
1342 735 1549 795 pictores

0 852 1 855 ,
60 811 144 859 alii
166 811 442 860 exstiterint
465 813 515 858 in
541 828 628 859 suo
651 813 830 874 quique
862 828 1035 876 genere
1064 812 1307 876 insignes:
1343 829 1548 874 quorum

60 894 199 935 tanta
221 889 282 935 ad
306 888 430 935 hanc
452 890 580 935 diem
603 890 882 944 multitudo,
901 896 956 935 ut
973 905 1081 935 cum
1107 905 1319 936 summos
1344 891 1550 936 artifices

0 988 2 993 ·
58 965 235 1012 merito
258 966 566 1023 admiremur,
596 967 846 1014 inferiores
875 974 1037 1013 tamen
1073 982 1169 1013 non
1205 968 1550 1028 improbemus.

62 1040 279 1091 Tantum
303 1060 416 1092 vero
439 1046 574 1092 abest
603 1052 660 1092 ut
690 1046 781 1092 hoc
815 1046 937 1092 mihi
973 1061 1161 1092 sumam
1198 1053 1282 1092 aut
1314 1063 1550 1110 arrogem,

60 1135 158 1168 non
183 1123 338 1169 vereri
359 1138 436 1169 me
472 1139 532 1170 ne
555 1124 664 1185 quis
701 1124 983 1187 adagiorum
1008 1124 1163 1184 spicas
1193 1140 1222 1170 a
1245 1131 1382 1187 tergo
1405 1127 1550 1187 legat,

62 1204 121 1246 ut
153 1215 317 1247 omnes
351 1201 499 1247 etiam
533 1202 744 1248 obtester
784 1202 1068 1265 philologOS,
1101 1218 1213 1262 quae
1254 1218 1282 1248 a
1320 1202 1459 1248 nobis
1500 1202 1551 1248 in

64 1285 351 1342 argumento
384 1295 533 1340 prope
566 1279 757 1326 infinito
788 1286 903 1326 sunt
938 1280 1119 1334 relicta,
1152 1279 1338 1338 (relicta
1373 1286 1550 1335 autem,

61 1356 232 1412 fateor,
255 1358 500 1418 plurima,)
519 1375 575 1406 ea
598 1364 655 1404 ut
677 1374 767 1419 pro
791 1374 879 1404 sua
897 1358 1101 1419 quisque
1125 1359 1253 1404 virili
1278 1358 1550 1404 studiorum

0 1456 5 1496 ᾗ,
63 1434 333 1482 incredibili
357 1439 621 1492 commodo,
645 1438 865 1498 bonoque
889 1437 1159 1483 litterarum
1186 1437 1393 1497 publico,
1413 1453 1553 1483 orna-

0 1506 5 1551 ss:
63 1517 169 1559 tum
192 1513 347 1560 indies
371 1521 619 1576 macteque
643 1522 838 1561 auctum
863 1522 954 1561 eat.

132 1591 352 1653 Exposui
388 1593 544 1638 adhuc
579 1609 665 1638 cur
699 1599 808 1653 post
843 1594 961 1639 alios
997 1595 1191 1639 demum
1233 1594 1322 1639 hoc
1359 1609 1552 1653 prover-

0 1687 4 1723 3
63 1668 255 1716 biorum
279 1677 617 1733 argumentum
654 1687 750 1716 non
786 1671 904 1717 satis
939 1686 1170 1730 umquam
1202 1686 1290 1730 pro
1314 1671 1552 1733 dignitate

66 1754 325 1794 tractatum
350 1764 376 1794 e
400 1747 585 1794 Graecis
613 1748 829 1795 fontibus
864 1748 1152 1808 susceperim
1182 1749 1552 1795 illustrandum:

66 1825 207 1872 venio
229 1831 367 1872 nunc*
392 1827 453 1872 ad
488 1841 588 1871 rem
625 1826 795 1886 ipsam,
819 1842 917 1886 qua
939 1827 998 1871 de
1030 1825 1208 1888 agitur,
1232 1827 1458 1887 propius:
1494 1828 1553 1873 de

0 1963 5 1965 α
65 1903 428 1963 proverbiorum
462 1903 754 1958 definitione,
788 1903 1036 1957 divisione,
1062 1909 1206 1964 atque
1240 1919 1349 1950 usu.
1422 1904 1553 1950 Hinc

65 1982 126 2028 ad
162 1988 343 2028 veteres
377 1983 820 2046 paroemiographos
852 1983 936 2043 qui
972 1982 1347 2028 interciderunt:
1384 1984 1443 2028 ad
1473 1998 1552 2028 eos

66 2059 288 2120 denique,
311 2075 431 2120 quos
455 2060 507 2106 in
531 2076 743 2121 praesens
766 2061 894 2106 foras
919 2061 1106 2105 damus.

0 2190 4 2193 ,
136 2137 352 2192 Hebraei,
370 2138 454 2198 qui
478 2138 528 2183 in
553 2137 817 2198 disciplinis
836 2138 1052 2183 omnium
1077 2145 1191 2184 sunt
1209 2139 1550 2199 antiquissimi,
1565 2151 1760 2202 Deprover-

0 2200 11 2274 ζ
66 2215 333 2276 parabolas,
371 2218 431 2262 ad
466 2232 586 2277 quas
621 2215 867 2277 paroemiae
902 2215 1160 2275 pertinent,
1195 2216 1342 2276 primi
1376 2223 1583 2271 tracta-n
1563 2195 1742 2272 ''¹¹⁸¹‚nge'

0 2296 7 2339 3
66 2298 208 2339 runt.
243 2299 300 2339 ut
339 2294 722 2354 sapientissimus
763 2293 1004 2348 Salomon,
1044 2293 1257 2353 primum
1298 2295 1357 2339 de
1396 2294 1553 2340 tribus

68 2385 188 2432 opus
215 2372 476 2419 Proverbia
499 2372 759 2433 inscripsit,
779 2371 999 2418 Hebraeis
1030 2365 1148 2420 *bum
1167 2370 1237 2417 M
1238 2369 1341 2426 isle,
1361 2388 1389 2417 a
1410 2372 1555 2418 verbo

3 2464 18 2509 j
68 2441 168 2497 ‘mn
198 2447 393 2496 Masal.
447 2450 565 2496 Post
606 2450 749 2495 etiam
789 2465 848 2495 ex
891 2449 1017 2494 Heb.
1055 2449 1259 2495 Rabinis
1302 2449 1554 2495 Ben-Sirae

69 2528 293 2587 quaedam
315 2534 507 2574 exstant
543 2528 795 2588 proverbia
822 2527 1078 2582 Hebraica,
1102 2529 1184 2573 sed
1209 2544 1234 2573 e
1254 2528 1554 2575 Talmudicis

6 2634 15 2659 ,ε
67 2605 370 2664 potissimum
397 2606 466 2651 rei
491 2621 586 2651 non
611 2622 801 2668 magnae
826 2606 1017 2666 scriptis
1043 2605 1223 2660 Misna,
1246 2612 1294 2652 et
1319 2606 1554 2652 Gemara:

69 2695 179 2742 quae
214 2684 466 2730 sententiae
501 2684 661 2744 potius
697 2690 810 2729 sunt
835 2691 972 2729 acute
1007 2684 1329 2729 antithesibus
1358 2690 1555 2738 ornatae,

0 2765 21 2805 -ῑῑῚ
70 2759 129 2804 ad
172 2759 319 2805 vitam
367 2777 617 2821 moresque
656 2760 933 2807 formandos
973 2762 1133 2816 utiles,
1175 2777 1319 2822 quam
1368 2762 1556 2824 adagia,

71 2834 161 2882 hoc
195 2844 282 2892 est,
318 2840 463 2900 vulgo
499 2838 615 2884 trita
651 2838 796 2884 dicta.
867 2839 993 2885 Sunt
1031 2847 1192 2885 autem
1227 2839 1416 2902 generis
1457 2839 1556 2884 vice

0 2961 1 2964 ,
71 2914 325 2972 parabolae,
373 2922 429 2961 ut
475 2916 536 2961 ab
582 2917 824 2979 allegoria,
866 2924 914 2962 et
960 2918 1217 2964 tralatione
1273 2934 1356 2964 seu
1408 2925 1559 2966 meta-

73 2990 239 3050 phora,
263 2993 568 3039 obscuritatis
592 2993 799 3048 nomine,
824 2994 1067 3042 derivatae.
1139 2995 1298 3042 Graeci
1324 2992 1559 3057 Παροιμίας

771 3070 799 3110 b
824 3082 845 3109 2
