1852 3308
193 591 248 633 80

188 1061 238 1104 81

262 257 352 301 330

825 247 1196 290 PROVERBIA

1609 250 1753 294 Caum.

263 359 365 426 ῐγόρᾳ
388 361 578 426 μαθητὰς
600 360 691 428 περὶ
722 363 793 421 τὴν
819 362 1007 411 Ἰταλίαν
1029 362 1177 411 ἔπειθεν
1200 365 1219 411 o‘
1242 362 1476 424 φιλόσοφος
1509 364 1642 419 κοινὰς
1674 365 1804 420 ‘rrius-A

265 438 406 493 οὗσῖας
439 445 655 488 ποιεῖσθαι.
725 442 846 488 ’Όθεν
869 440 927 494 εἷς
959 439 1177 504 παροιμίαν
1202 443 1228 500 ἦ
1259 442 1481 505 συμβουλὴ
1512 447 1582 490 τοῦ
1613 446 1754 492 Πυθα-

261 516 365 583 γόρα
389 517 522 577 ἦλθεν.

331 595 517 644 ΚέΛΜιΣ
540 595 598 644 fin
620 595 802 643 melem
822 614 833 643 ε
860 594 976 654 Ain-n
999 597 1198 644 τάττεται
1223 595 1288 645 ἐπὶ
1311 603 1386 644 τῶν
1410 596 1574 663 σφόδρα
1597 598 1755 653 ἑαυτοῖς

259 677 575 730 πιστευσάντων,
601 673 660 721 ὅτι
690 670 853 738 ἰσχυροὶ
885 672 955 721 καὶ
990 672 1252 739 δυσχείρωτοι
1287 675 1516 736 πεφύκασι.

524 759 543 769 Ν

258 752 338 815 γὰρ
364 750 456 806 Πεῖς
491 774 566 800 των

1586 676 1754 739 Κέλμις

592 750 744 799 Ἰδαίων
767 751 994 799 Δακτύλων
1017 751 1087 810 τὴν
1110 753 1269 818 μητέρα
1295 754 1413 801 Ῥέαν
1437 753 1631 817 ὑβρίσας,
1653 751 1798 804 0ιιαῖΒ

257 831 317 891 μὴ
350 829 637 893 ὑποδεξάμενος
666 828 739 877 ὑπὸ
775 835 851 877 τῶν
874 830 1091 893 Ράδελφῶν
1115 829 1317 893 Ἷεῦμενῶς
1341 832 1379 880 ἔν
1402 837 1454 899 τῇ
1474 833 1582 898 Ἴδῃ,
1605 833 1682 894 ἀφ’
1706 830 1751 881 οἶ

257 910 277 955 o‘
303 906 576 972 στερεῶτατος
600 908 756 972 ἐγένετο
782 907 963 973 σίδηρος.

257 990 361 1043 κλῆς
386 985 448 1033 Γέν
472 984 682 1049 Σατύροις.

1033 908 1255 971 Μέμνηται
1291 915 1365 969 τῆς
1401 909 1584 974 ἱστορίας
1614 915 1751 972 Σοφο-
1821 911 1832 922 “

326 1063 535 1112 ⁸KAmoN
572 1063 719 1111 ΒᾸΒΤΣ
755 1063 914 1112 ΑῧΛΕἳε
951 1065 1164 1112 Τάττουσι
1199 1064 1349 1124 ταύτην
1373 1063 1438 1113 ἐπὶ
1468 1071 1544 1114 τῶν
1566 1066 1675 1116 κατὰ
1700 1064 1751 1116 τὸ

257 1257 356 1293 Κοινὰ
373 1258 438 1306 γὰρ
457 1260 543 1294 πᾶσι
563 1259 680 1294 πάντα
697 1257 754 1294 καὶ
779 1261 895 1294 ταῦτα
922 1253 971 1303 ἦν.

247 1307 345 1347 Ἴδιον
363 1309 397 1347 δὲ
416 1312 513 1354 οὐδεὶς
530 1310 616 1348 οὐδὲν
635 1311 800 1357 ἐκέκτητο.
859 1312 926 1348 Καὶ
946 1315 974 1348 εἷ

252 1363 314 1411 μὲν
332 1365 488 1414 ἠρέσκετο
510 1369 552 1415 τῇ
581 1363 737 1412 κοινωνίᾳ,
763 1367 880 1414 ἐχρῆτο
909 1370 974 1409 τοῖς

252 1423 362 1462 κοινοῖς
379 1421 474 1456 κατὰ
494 1419 532 1456 τὸ
551 1420 771 1456 δικαιότατον.
812 1419 856 1456 Id
877 1432 973 1470 quo-

253 1485 338 1522 que,
360 1481 404 1510 ut
431 1472 505 1510 alia
533 1472 710 1524 plurima,
741 1486 853 1511 suum
882 1473 972 1512 fecit

252 1526 378 1572 Plato,
412 1527 476 1578 qui
505 1534 545 1565 et
575 1539 708 1565 uxores
738 1527 858 1565 voluit
887 1539 971 1566 esse

252 1593 491 1620 communes.
537 1581 612 1619 Sed
632 1594 717 1619 eam
740 1594 862 1619 rerum
885 1594 970 1619 om—

251 1636 359 1672 nium
379 1634 695 1674 communionem
717 1635 855 1674 refellit
870 1635 969 1674 Lac-

252 1689 396 1727 tantius
417 1689 630 1727 Firmianus
658 1689 724 1728 lib.
746 1690 819 1728 111.
840 1703 862 1727 a
885 1703 967 1742 cap.

254 1756 317 1781 21.
346 1744 534 1782 Fortunas
555 1743 669 1782 etiam
691 1745 790 1783 inter
803 1757 844 1783 se
864 1757 968 1782 com-

252 1811 388 1836 munes
409 1798 585 1836 habuisse
601 1797 840 1837 Christianos
861 1798 971 1837 initio

251 1852 445 1890 nascentis
475 1853 659 1897 ecclesiae,
681 1865 768 1891 cum
789 1853 968 1905 Apostoli

250 1907 291 1944 in
328 1920 535 1945 commune
571 1907 789 1945 conferrent
825 1907 967 1953 omnia,

249 1962 336 2000 Act.
369 1975 452 2013 cap.
491 1961 530 1999 ii.
565 1974 658 2000 vers.
688 1974 755 2011 44.
791 1961 967 2013 legimus.

249 2015 442 2067 Adagium
477 2029 567 2054 vero
596 2016 680 2067 quis
716 2029 793 2054 non
824 2016 967 2055 habet?

249 2069 361 2108 Plato
382 2070 446 2109 lib.
468 2070 517 2107 V.
539 2071 587 2108 de
610 2070 780 2122 Legibus
805 2071 862 2121 [p.
889 2081 967 2120 739

250 2125 316 2173 C.]
344 2124 569 2163 Aristoteles
599 2125 651 2162 II.
682 2123 797 2162 Polit.
829 2132 868 2162 et
894 2125 965 2163 IX.

252 2178 326 2227 [8.]
361 2177 588 2216 Ethicorum
623 2177 776 2216 Nicom.
816 2178 965 2216 Plutar-

247 2233 343 2269 chus
362 2233 430 2281 περὶ
449 2234 691 2283 φιλαδελφίας,
715 2233 771 2283 [ρ.
793 2243 873 2281 490
896 2233 963 2282 Ε.]

247 2285 451 2337 Euripides
494 2286 723 2337 frequenter,
762 2287 966 2325 Terentius

248 2339 287 2377 in
319 2339 518 2392 Adelphis,
554 2340 687 2379 Cicero
723 2349 906 2392 praeterea
932 2354 964 2379 1.

247 2395 361 2433 Offic.
383 2402 422 2432 et
443 2403 534 2432 noto
554 2394 843 2446 Epigrammate
857 2396 965 2433 Mar-

247 2448 348 2487 tialis
386 2449 454 2487 lib.
493 2449 547 2487 11.
585 2449 814 2487 SCHOTT.
871 2449 961 2488 Vid.

247 2503 376 2541 Schol.
399 2503 551 2542 Platon.
572 2516 610 2555 p.
631 2503 696 2542 68.
717 2503 894 2542 Eustath.
914 2504 960 2542 Il.

246 2559 288 2596 ε’.
310 2570 346 2608 p.
369 2557 462 2595 600.
496 2559 529 2595 ι’.
553 2557 643 2607 778,
666 2567 726 2608 15.

302 2617 324 2638 ¹²
343 2609 388 2654 εἷς
418 2616 483 2648 τῢν
508 2614 636 2649 Ἰδαίων
668 2612 854 2661 δακτύλων]
884 2612 967 2650 De-

246 2672 401 2717 pravate
431 2664 494 2703 hic
523 2677 704 2703 excusum
734 2674 828 2712 erat,
859 2673 902 2704 ut
926 2674 965 2704 et

247 2720 351 2771 apud
379 2720 611 2771 Cognatum,
641 2718 685 2763 εἷς
713 2725 776 2757 τῶν
804 2722 965 2758 Ἰουδαίων

247 2776 412 2821 δακτύλῳ,
439 2786 508 2825 pro
542 2775 650 2811 ι’δαίων
678 2776 860 2818 δακτύλων,
894 2774 965 2812 etsi

248 2827 422 2866 Vatican.
453 2826 589 2865 vitiose
627 2828 727 2865 ἶδέων.
786 2828 838 2865 Et
877 2841 964 2866 mox

246 2885 400 2932 ἀδελφῶν
420 2882 573 2933 reposui
591 2893 660 2932 pro
679 2884 820 2931 δελφῶν.
871 2881 966 2919 Post

247 2936 363 2988 paulo
396 2934 621 2974 concinnius
658 2935 783 2973 Vatic.
819 2936 887 2971 Καὶ
918 2937 965 2983 μὴ

247 2989 477 3040 ὑποδεξάμενος
501 2994 636 3039 εὐμενῶς
653 2990 712 3028 ὑπὸ
730 2994 796 3027 τῶν
813 2991 967 3040 ἀδελφῶν

1029 1260 1062 1294 ἐν
1082 1261 1122 1307 τῇ
1135 1254 1220 1307 Ἴδῃ.
1280 1257 1395 1294 Idaeos
1410 1256 1596 1306 Dactylos
1614 1268 1748 1294 recen-

1029 1318 1087 1348 set
1106 1309 1299 1362 Apollonii
1319 1312 1531 1362 Argonaut.
1552 1318 1749 1361 enarrator

1029 1378 1074 1402 ex
1108 1373 1262 1403 auctore
1293 1364 1533 1409 Phoronidis,
1568 1366 1680 1414 (non,
1703 1373 1748 1403 ut

1028 1419 1212 1457 Erasmus
1233 1418 1404 1463 credidit,
1422 1418 1642 1457 Phoronide
1657 1431 1746 1458 auc-

1027 1475 1127 1522 tore)
1149 1486 1263 1524 quem
1285 1472 1531 1511 Hellanicum
1553 1472 1670 1511 fuisse
1699 1485 1746 1511 ex

1027 1527 1161 1565 eodem
1184 1527 1397 1566 Scholiaste
1418 1526 1481 1565 lib.
1498 1527 1574 1565 111.
1593 1526 1686 1566 item
1706 1535 1747 1566 et

1028 1581 1213 1620 Athenaeo
1243 1581 1308 1620 lib.
1329 1582 1404 1620 IX.
1423 1581 1612 1633 conjicere
1640 1581 1744 1627 licet,

1030 1638 1255 1686 Cnretasque
1283 1634 1401 1674 fuisse
1429 1635 1582 1674 eosdem
1613 1643 1653 1674 et
1674 1636 1746 1674 Co-

1026 1692 1214 1739 rybantas.
1272 1691 1305 1728 A
1338 1689 1548 1742 digitorum
1578 1688 1746 1741 paritate

1025 1744 1098 1783 dici
1126 1753 1260 1783 auctor
1287 1743 1485 1782 Diodorus
1510 1743 1577 1782 lib.
1607 1743 1654 1782 V.
1674 1743 1744 1782 Bi-

1028 1798 1160 1837 blioth.
1182 1807 1222 1837 et
1251 1799 1388 1837 Strabo
1418 1797 1516 1836 libro
1536 1799 1590 1836 X.
1611 1796 1677 1836 ubi
1705 1806 1746 1837 et

1027 1853 1260 1905 Sophoclem
1280 1852 1422 1898 laudat,
1435 1852 1620 1904 pluraque
1634 1865 1743 1892 com-

1028 1915 1227 1954 memorat,
1264 1921 1351 1959 quae
1387 1915 1547 1958 uterque
1585 1905 1741 1951 Caelius,

1026 1962 1167 2014 Rodig.
1187 1970 1227 2000 et
1246 1962 1426 2013 Calcagn.
1454 1962 1494 1998 in
1523 1959 1744 1999 Adversaris

1026 2017 1165 2055 retulit.
1215 2016 1447 2055 SCHOTT.
1522 2015 1582 2052 De
1629 2013 1743 2054 Idaeis

1024 2070 1198 2122 Dactylis
1245 2069 1319 2108 vid.
1370 2069 1644 2121 Wyttenbach.
1693 2068 1742 2107 ad

1024 2124 1214 2163 Plutarch.
1237 2138 1274 2175 p.
1297 2125 1344 2174 85
1369 2123 1415 2160 B.

1079 2185 1099 2205 ⁰
1123 2180 1180 2216 καὶ
1211 2177 1455 2227 μὴ-σίδηρος]
1498 2177 1597 2215 Haec
1635 2176 1743 2215 valde

1024 2231 1118 2269 mihi
1157 2232 1333 2270 videntur
1369 2238 1561 2282 corrupta.
1593 2229 1740 2269 Plutar-

1022 2287 1117 2324 chus
1148 2300 1185 2325 n.
1212 2299 1271 2324 11.
1299 2286 1415 2324 habet
1441 2292 1593 2323 tantum
1627 2285 1737 2324 haec:

1024 2342 1148 2389 Κέλμις
1178 2343 1245 2391 γάρ
1275 2357 1326 2384 τις
1359 2344 1393 2377 ἐν
1417 2337 1491 2390 Ἴδῃ
1524 2339 1742 2390 στερρότατον

1021 2396 1143 2445 σίδηρον
1161 2394 1384 2445 ἐργαζόμενος.

1078 2458 1098 2489 Ρ
1109 2449 1281 2501 ἀδελφῶν]
1295 2451 1423 2500 δελφόν
1433 2447 1486 2485 Η.
1496 2447 1538 2485 F.
1548 2447 1607 2485 ed.
1618 2447 1738 2486 Brub.

1075 2512 1096 2542 q
1116 2504 1269 2554 εὖμερῢς]
1291 2506 1426 2551 εὐμενῶς
1445 2503 1487 2540 Ρ.
1510 2501 1564 2539 Η.
1584 2502 1628 2540 F.

1078 2566 1095 2586 ¹·
1124 2562 1158 2596 ἐν
1194 2557 1364 2607 Σατύροις]
1404 2554 1559 2594 Excidit
1597 2568 1739 2594 nomen

1022 2611 1174 2650 fabulae.
1204 2611 1292 2649 Vid.
1312 2610 1448 2662 fragm.
1476 2609 1538 2648 ed.
1559 2608 1678 2648 Dind.
1700 2623 1739 2662 p.

1022 2678 1100 2749 33¹⁸?
1112 2722 1233 2758 Κάκιον
1252 2720 1384 2769 Βάβυς]
1411 2718 1656 2756 Proverbium
1674 2730 1739 2756 ex-

1022 2774 1138 2825 plicat
1156 2782 1196 2813 et
1213 2775 1422 2813 Athenaeus
1450 2771 1516 2811 lib.
1543 2772 1656 2811 XIV.
1681 2772 1737 2823 [p.

1021 2829 1103 2877 624
1123 2829 1189 2878 B.]
1214 2834 1366 2867 Δειπνοσ.
1396 2827 1629 2866 emendante
1653 2825 1736 2864 De-

1021 2882 1161 2920 siderio
1189 2883 1310 2921 semel
1332 2881 1560 2932 iterumque,
1583 2879 1649 2918 ubi
1669 2881 1739 2918 Καὶ

1023 2938 1105 2973 Κίων
1133 2936 1152 2982 ἢ
1176 2939 1291 2983 Βάβυς
1319 2941 1428 2981 αὐλεῖ,
1462 2948 1532 2987 pro
1569 2937 1691 2977 Κάκιον
1722 2937 1738 2971 ὅ

1022 2991 1137 3037 Βάβυς
1169 2989 1332 3042 reponit,
1365 2998 1405 3028 et
1437 3003 1506 3041 pro
1538 2990 1576 3027 τὸ
1609 2989 1739 3035 Βάβυος
