1852 3308
55 956 114 1000 30

53 1199 108 1242 31.

53 1352 112 1395 32

129 209 208 272 ιν.

723 212 1005 254 ZENOBII.

1521 229 1604 272 313

125 324 243 386 μένη,
280 325 375 373 *διὰ
406 324 454 374 τό
488 331 545 391 τῷ
582 330 785 392 Θετταλῷ
822 326 957 390 λόγιον
992 327 1193 386 ἐκπεσεῖν,
1229 331 1514 387 φυλάττεσθαι
1548 332 1659 391 μὴΑ

125 401 271 451 ἕλωσιν
303 402 423 452 αὐτὸν
460 404 498 452 οἶ
532 401 755 461 ἐξεναντίας
793 405 897 471 εὗχῇ
932 403 1081 467 μείζονι
1118 403 1188 452 καὶ
1220 406 1481 471 λαμπροτέρᾳ
1517 407 1607 454 κατ’

125 479 247 529 aziz-03
276 484 544 546 χρησάμενοι.

614 484 784 542 Νοῆσας
806 480 870 531 οἷν
892 481 938 530 τό
971 481 1122 546 λόγιον,
1145 481 1214 531 καὶ
1249 482 1347 547 πρὸς
1382 484 1610 548 ὑπερβολὴν

124 557 385 622 τρατὸμενος,
408 558 645 623 ἑκατόμβην
667 561 807 624 ἀνδρῶν
828 559 976 619 ηὔξατο
1012 559 1150 608 θυσίαν
1177 560 1396 609 Ἀπόλλωνι
1421 567 1612 609 ΥΚατοιι-

126 636 280 702 βασίφ.
349 638 567 684 Κατελθῶν
588 635 650 686 οἶν
674 639 772 697 ε’κεῒ,
795 636 864 686 καὶ
888 639 1177 701 διαταξάμενος
1205 639 1271 700 ἐφ’
1295 637 1325 687 ἃ
1360 636 1538 704 ὅρμησε,
1562 637 1610 686 *ro*

124 712 215 779 περὶ
237 714 309 772 τὴν
332 714 470 762 θυσίαν
493 713 562 762 καὶ
585 715 656 774 τὴν
680 715 803 779 εὐχὴν
827 714 916 763 οὔτε
943 716 1166 781 ἵεροπρεπές
1192 713 1290 764 εἶναι
1315 714 1500 779 νομίσας,
1519 716 1608 765 οὔτε
1622 730 1655 764 Β

124 792 263 847 ἄλλως
287 791 474 850 εὗσεβὲς,
500 793 717 857 ὑπερέθετο.

128 868 348 918 Ἀπόλλωνι
373 869 659 934 ὑπισχνοῦνται
686 872 736 918 δι’
761 871 885 926 ἐ’τους.

788 793 875 841 Καὶ
902 796 1029 858 μέχρι
1058 800 1119 842 νῦν
1142 794 1350 843 Θετταλοὶ
1377 796 1450 848 τὴν
1473 795 1611 843 θυσίαν

193 948 323 995 Oasin
355 948 528 995 Airomi:
566 948 782 1012 Παροιμίαι
823 948 887 997 ἐπὶ
925 956 998 996 τῶν
1033 950 1265 1013 τολμώντων
1299 950 1340 998 τὶ
1375 951 1510 1014 λέγειν
1545 950 1611 1000 ἐπὶ

125 1031 209 1079 τοῖς
232 1031 419 1074 τοσοῦτον
443 1026 718 1091 ὑπερέχουσιν,
743 1027 831 1076 ὅσον
854 1028 893 1076 οἱ
914 1027 990 1076 θεοὶ
1013 1035 1086 1075 τῶν
1113 1029 1325 1094 ἀνθρώπων.
1380 1028 1465 1077 Καὶ
1489 1029 1611 1083 τόπος

129 1106 334 1171 Ἀθήνῃσιν
356 1102 434 1151 ἀπὸ
457 1109 527 1152 τοῦ
551 1113 596 1146 YY
607 1109 888 1168 συναγερθῆναι
912 1106 1257 1170 προσαγορευθείς.

193 1191 211 1211 z
387 1183 405 1199 Λ
622 1182 634 1199 Ι
862 1183 875 1199 Χ
1139 1184 1152 1202 Ι
1296 1183 1308 1199 Χ
1353 1186 1363 1202 5
1497 1191 1515 1200 κ

219 1189 435 1230 Bonnam:
471 1200 770 1230 uponsmmz:
809 1187 885 1240 Μη
919 1187 1216 1244 καθισταμενην
1239 1205 1307 1231 και
1339 1194 1518 1243 ασφαλη
1540 1206 1613 1232 πο-

124 1259 232 1324 ρείαν
256 1260 372 1324 ἔχων,
395 1259 492 1307 ἀλλ’
517 1260 723 1317 οἷστοίτως,
748 1257 816 1307 καὶ
842 1260 1147 1323 τεταραγμένως
1171 1261 1322 1324 προϊών.

194 1341 263 1385 ae
300 1337 318 1355 Α
456 1335 475 1355 η
651 1336 663 1354 ⁴
742 1336 755 1354 ⁴
799 1336 810 1352 t
1019 1353 1030 1364 ,
1065 1343 1078 1358 r
1146 1337 1159 1355 t
1305 1338 1317 1356 t
1491 1338 1512 1368 b
1581 1340 1592 1357 t

266 1358 427 1386 ΡΑικεΣ
453 1358 585 1385 ovim
616 1357 697 1384 o‘rx
733 1357 1030 1384 ΕΠιΣΤΑΝΤΑι.
1076 1343 1230 1396 Γαυτης
1261 1360 1466 1401 μεμνηται
1520 1344 1612 1387 Με-

123 1454 182 1492 xa)
210 1454 282 1504 πρὸς
309 1455 487 1503 ὑπερβολὴν
512 1454 718 1504 τραπόμενος,
738 1457 792 1504 ἐφ’
813 1451 838 1490 οἳ

122 1506 247 1556 ὄμοσεν
265 1509 445 1559 ὑπερέθετο.
502 1512 714 1555 Ἐπισχοῦντι
737 1509 838 1545 τοίνυν

124 1563 298 1600 Θετταλοὶ
319 1563 378 1607 τὴν
398 1564 515 1600 θυσίαν
533 1565 571 1599 δι’
592 1561 692 1604 ἔτους.
751 1562 836 1599 Sui-

123 1615 191 1654 das
211 1629 363 1666 quoque
379 1615 476 1653 varie
495 1615 663 1653 adhiberi
679 1615 836 1653 solitum

125 1669 192 1716 ait,
213 1670 261 1708 de
282 1670 425 1714 habitu,
446 1670 493 1708 de
513 1669 735 1720 impostura,
757 1669 838 1719 qui-

125 1736 200 1774 que
219 1723 413 1762 ordinibus
433 1737 511 1761 non
531 1731 634 1761 recte
654 1732 839 1774 pugnant,

125 1778 192 1816 sed
230 1778 389 1816 subdole
425 1786 556 1827 agunt.
613 1777 839 1815 Thessalum

126 1840 254 1870 autem
274 1831 365 1870 facit
385 1833 556 1874 Aratum,
578 1840 617 1869 et
635 1831 841 1869 Thessalos

126 1885 338 1924 latrociniis
356 1894 395 1923 et
414 1884 570 1936 perfidia
591 1885 762 1923 nobiles:
793 1885 840 1923 de

124 1953 286 1990 quorum
307 1939 502 1978 fraudibus
522 1947 560 1977 et
575 1938 612 1976 in
635 1940 842 1977 Phoenissis

125 1993 326 2046 Euripides
350 1995 404 2043 [v.
423 1994 560 2043 1416.]
586 2003 626 2031 et
651 1993 704 2031 ibi
734 1994 841 2032 Grae-

125 2061 193 2086 cus
211 2056 428 2087 enarrator:
461 2049 530 2084 Καὶ
558 2052 623 2091 πῶς
650 2048 768 2093 νοήσας
785 2051 841 2084 Ἐ-

124 2105 260 2148 τεοκλῆς
295 2103 332 2140 τὸ
370 2106 561 2139 Θεσσαλῶν
594 2102 769 2150 Ele-thays
802 2103 841 2139 τὸ

125 2157 268 2207 σόφισμ’
288 2157 403 2203 ὁμιλίᾳ
420 2156 541 2203 χθονός.
574 2154 841 2206 Aristophanis

126 2210 359 2248 Scholiastes
379 2209 426 2247 ab
440 2209 579 2246 Iasone
599 2209 839 2259 proverbium

125 2265 282 2309 derivat,
300 2263 399 2313 quod
416 2263 566 2300 Medeae
579 2262 707 2300 datam
726 2263 840 2300 fidem

125 2331 204 2355 uon
234 2315 402 2360 servarit,
432 2324 630 2366 exstatque
663 2316 839 2367 adagium

126 2372 164 2409 in
183 2369 492 2409 Chrestomathia
507 2369 592 2407 libri
606 2370 637 2407 Ι.
654 2370 840 2408 Athenaei.

124 2425 250 2463 Affine
262 2425 351 2462 huic
360 2423 531 2461 videatur
542 2424 716 2474 proverb.
733 2424 841 2461 Thes-

124 2480 289 2517 salorum
334 2479 539 2515 necessitas.
597 2477 713 2517 Quod
753 2490 840 2528 pro-

126 2532 240 2571 verbii
254 2533 381 2583 specie
398 2531 436 2568 in
453 2531 692 2582 Chrysantho
707 2531 839 2568 Euna-

125 2586 212 2638 pius
228 2586 433 2624 Sardianus
448 2584 595 2622 extulit.
610 2585 838 2622 SCHOTT.

182 2649 203 2669 Χ
239 2643 294 2678 διὰ
324 2640 362 2676 τὸ
399 2647 448 2686 τῷ
485 2639 674 2686 Θετταλῷ]
711 2640 766 2675 διὰ
803 2640 840 2676 τὸ

125 2697 256 2745 ’Δράτφ
275 2702 324 2741 τῷ
343 2699 403 2735 9.,
425 2692 482 2729 vel
502 2694 556 2729 διὰ
576 2692 614 2728 τὸ
633 2694 776 2739 Διοτίμῳ
794 2697 841 2740 τῷ

125 2753 172 2786 Θ.
193 2761 281 2785 cum
311 2747 536 2784 Burmanno
566 2744 605 2782 in
631 2746 727 2783 Jove
751 2745 842 2783 Ful-

126 2810 243 2852 gerat.
271 2815 310 2852 p.
341 2813 434 2849 331.
476 2799 756 2836 Valckenaerius
794 2800 840 2836 ad

128 2855 258 2893 Schol.
278 2855 410 2904 Eurip.
434 2853 569 2890 Phoen.
593 2865 632 2903 p.
657 2853 746 2900 768.

180 2917 201 2948 y
238 2907 482 2955 Καταιβασίῳ]
533 2906 722 2958 Apollinis
770 2908 841 2944 hoc

894 1466 1110 1506 cognomen
1141 1455 1274 1493 tribuit
1306 1464 1345 1493 et
1372 1456 1457 1493 Jovi
1490 1457 1611 1494 Phur·

896 1516 1010 1546 nutus
1053 1509 1104 1557 [c.
1144 1511 1202 1558 9.]
1246 1518 1285 1547 et
1325 1511 1532 1547 Pausanias
1571 1512 1610 1548 in

894 1560 1038 1599 Eliacis
1076 1563 1142 1611 [V.
1167 1577 1199 1600 c.
1228 1566 1309 1613 14.]
1345 1577 1523 1615 aramque
1556 1563 1612 1601 illi

895 1628 978 1653 esse
997 1615 1034 1652 in
1057 1616 1250 1668 Olympia,
1272 1619 1336 1655 ubi
1356 1625 1396 1655 et
1414 1617 1612 1656 Themidis

896 1668 966 1706 fuit
986 1673 1193 1707 oraculum.

895 1724 1048 1772 βατῆριος
1068 1724 1234 1762 Phoebus
1254 1734 1294 1763 et
1312 1729 1488 1773 ἐμβάσιος,
1504 1725 1611 1776 quasi

896 1778 1094 1823 descensor‚
1147 1779 1338 1829 Apollonii
1399 1779 1610 1831 interpreti.

898 1831 988 1868 Hoc
1013 1831 1105 1870 item
1136 1832 1221 1870 loco
1247 1835 1482 1878 καταιβάσιος,
1502 1833 1611 1884 quasi

895 1887 1139 1935 prodigialem
1151 1886 1267 1931 dicas,
1277 1887 1331 1925 uti
1347 1888 1481 1925 Jovem
1498 1887 1613 1925 Plau-

899 1947 960 1976 tus
1009 1940 1182 1977 nominat
1230 1941 1269 1978 iu
1317 1941 1609 1992 Amphitruone.

899 1993 1125 2031 SCHOTT.

953 2054 994 2083 Π
1011 2049 1261 2097 συνεργηθῆνοιι]
1281 2051 1515 2099 συναγερθῆναι
1534 2049 1612 2087 He-

898 2101 1002 2151 sych.

952 2163 970 2182 Ζ
989 2155 1151 2204 Θολερῶς]
1186 2154 1324 2193 Suidas
1357 2155 1451 2198 rhinc
1488 2164 1612 2193 trans-

897 2208 1060 2260 scripsit,
1089 2208 1181 2253 sed,
1222 2222 1351 2247 verum
1394 2218 1439 2247 ut
1482 2210 1611 2254 fatear,

896 2262 1042 2314 phrasis
1063 2262 1189 2312 potius
1208 2276 1322 2313 quam
1349 2262 1533 2314 proverbii
1553 2276 1612 2301 ra-

897 2315 1013 2354 tione.
1045 2316 1276 2354 SCHOTT.

953 2377 974 2397 8
993 2370 1139 2419 Θρᾷκες]
1158 2371 1220 2407 De
1233 2371 1426 2408 Thracum
1442 2370 1611 2422 perfidia,

896 2431 935 2460 et
955 2422 1115 2460 totidem
1145 2431 1255 2473 paene
1274 2425 1395 2462 verbis
1421 2432 1516 2474 quot
1535 2425 1611 2462 Ze-

898 2475 1047 2521 nobius,
1070 2477 1207 2514 Strabo
1230 2476 1395 2526 [Suidas,
1417 2477 1480 2516 ubi
1510 2494 1611 2527 πρεσ-

895 2531 973 2575 βεῦς
1008 2547 1059 2573 τις
1094 2530 1155 2567 ed.
1190 2531 1281 2568 Bas.
1317 2531 1494 2570 meliores
1526 2531 1612 2569 libri

896 2597 985 2621 cum
1015 2583 1191 2621 Zenobio
1214 2584 1494 2634 consentiunt]
1539 2584 1611 2622 nisi

897 2638 999 2687 quod
1032 2639 1246 2687 πρεσβευτὴς,
1286 2638 1325 2676 id
1363 2647 1424 2676 est
1454 2640 1609 2687 legatus,

897 2690 948 2728 ibi
969 2690 1120 2742 legitur.
1154 2691 1336 2742 Respexit
1349 2702 1388 2730 et
1401 2693 1514 2730 Maro
1533 2692 1609 2730 ΙΙΙ.

898 2744 1085 2782 AEneidos
1113 2745 1236 2790 initio,
1258 2746 1306 2783 de
1326 2746 1611 2797 Polymnestore

897 2799 1046 2836 Thrace
1065 2798 1219 2849 hospitii
1241 2802 1317 2850 jus,
1341 2798 1517 2851 jugulato
1539 2799 1609 2834 Po-

897 2852 1043 2902 lydoro,
1065 2852 1240 2897 violante‚
1249 2853 1320 2902 fas
1339 2865 1443 2889 omne
1460 2852 1608 2888 abrum-

891 2908 964 2954 pit,
1003 2905 1141 2956 inquit.
1201 2905 1278 2943 Ubi
1316 2914 1356 2942 et
1388 2904 1609 2954 interpretes

959 2984 1019 3011 SS

1625 1124 1655 1156 C

1250 1672 1389 1709 Dictus
1404 1671 1518 1709 etiam
1538 1676 1611 1709 ἐπι·
1664 1687 1672 1694 ‘
