1852 3308
142 614 196 660 29

142 1091 200 1136 30

144 1323 197 1367 31

207 269 294 314 350

635 369 647 387 Ι

209 379 376 438 πονηρῶν
412 376 438 432 ἡ
472 392 670 438 παροιμια

209 452 339 509 ἀξίων.

767 251 1136 297 PROVERBIA

1547 252 1697 294 CER-r.

704 370 911 435 ἰλέγεν-ου,
947 366 1016 416 καὶ
1057 368 1160 432 μηδὲ
1201 373 1272 416 τοῦ
1310 366 1504 431 τυχόντος
1538 366 1746 416 ἔπαίνουᾼ

412 450 589 500 Εἷῶθασι
613 450 694 515 γὰρ
719 450 756 498 οἱ
776 446 944 497 παλαιοὶ
969 447 1007 495 ἐν
1030 454 1116 501 τοῖς
1139 444 1398 511 neptes-mm
1420 443 1486 494 τὸν
1502 447 1700 506 τελευτή-

211 552 344 579 σαντα
368 530 552 586 ἐπαινεῖν,
576 526 677 577 ulca}
701 527 738 576 εἷ
759 532 920 588 φαῦλος
944 523 1005 584 ἦν.

277 607 370 656 w0⁴
407 609 431 656 ό
553 605 566 623 “
739 605 752 623 ²
889 622 899 633 .
944 607 1004 652 >H
1204 603 1217 620 ¹
1311 601 1332 620 ⁰
1462 603 1474 622 t
1640 602 1652 620 ν
1686 600 1699 619 κ

357 630 402 656 IN
436 628 467 655 n
507 627 599 655 ΤΗΝ
638 624 899 654 ΧΑΡΑΔΡΑΝ.
1041 625 1241 668 παροιμια
1280 625 1386 663 αυτη
1426 615 1597 668 λεγετοιι
1633 625 1698 652 em

209 693 283 735 τῶν
306 688 460 739 ἑαυτοῖς
497 682 618 732 κακόν
652 706 693 732 τι
728 683 1019 746 ἐφελκομένων.

1089 681 1212 742 Οἰνόη
1247 683 1327 748 γὰρ
1357 683 1482 746 δῆμος
1510 679 1603 731 ἐστὶ
1623 687 1701 741 τῆς

211 770 414 822 Ἀττικῆς·
454 763 492 811 οἱ
513 763 555 811 δὲ
579 763 776 815 οἰκοῦντες
799 760 935 810 αὖτὸθι
969 760 1177 827 χαράδραν
1205 760 1300 828 ὑπὲρ
1333 761 1460 810 αὐτῶν
1482 760 1748 827 φερομένηνΒ

211 843 498 908 Χ’παρέτρεψαν
539 842 598 894 εἷς
643 841 714 899 τὴν
751 841 897 888 ἓαυτῶν
942 839 1089 906 χώραν.

1161 841 1314 900 Πολλὴ
1359 841 1402 889 δὲ
1440 840 1632 904 γενομένη
1675 841 1702 900 ἥ

211 921 400 987 χαράδρα
446 921 671 983 ἐλυμήνατο
710 917 840 966 αὐτῶν
873 918 928 966 τὰ
966 917 1155 983 γεώργια,
1194 917 1263 967 καὶ
1299 917 1377 973 τὰς
1413 918 1544 973 οἰκίας
1578 917 1703 983 μετέ·
1775 937 1779 940 ’

213 1006 362 1058 βαλεν.

280 1082 365 1125 ΥὌ
392 1072 519 1124 Knix
539 1074 630 1123 ‘min
653 1075 916 1123 οᾸΛΑττΑΝε
946 1072 1048 1122 Ἐπὶ
1070 1080 1148 1122 τῶν
1172 1075 1210 1123 ἔν
1233 1071 1292 1129 οἷς
1316 1073 1551 1141 διαφέρουσι
1569 1078 1704 1124 ταῦτα

211 1155 380 1220 φεύγειν
401 1155 740 1220 προσποιουμένων
762 1155 788 1212 ἡ
809 1151 1009 1218 παροιμία
1032 1152 1158 1201 ἐστίν·
1197 1153 1333 1213 ἐπειδὴ
1357 1152 1645 1202 ναυτικῶτοετοι
1669 1153 1708 1202 οἶ
1718 1164 1750 1198 c

215 1240 376 1299 Κρῆτες
400 1233 588 1296 ἐγένοντο.

217 1466 434 1504 habebatur.
492 1462 678 1513 Idemque
718 1463 757 1499 in
796 1462 933 1505 Bruto,

215 1520 280 1572 qui
299 1520 347 1558 de
373 1518 484 1557 claris
513 1525 572 1555 est
591 1516 831 1561 Oratoribus,
852 1515 933 1554 lau-

216 1573 372 1613 datione
410 1570 558 1611 funebri
592 1571 731 1610 factam
766 1572 937 1622 queritur

215 1630 414 1668 historiam
438 1627 743 1669 mendosiorenu
774 1625 877 1676 quod
897 1633 936 1663 et

217 1684 256 1722 in
282 1685 330 1722 T.
356 1682 466 1722 Livio
497 1690 667 1720 extremo
697 1679 794 1718 libro
824 1679 935 1718 VIII.

218 1738 394 1791 reperias.
439 1737 587 1775 Rursus
606 1734 708 1774 idem
728 1733 862 1772 Cicero
881 1735 936 1772 11.

219 1795 267 1832 de
287 1791 420 1845 Legib.
445 1791 494 1841 [o.
528 1791 610 1839 24]
641 1791 938 1839 circumpotatio-

221 1861 304 1887 nem
326 1859 459 1886 vocare
484 1844 643 1890 videtur,
667 1857 782 1896 quam
812 1842 938 1882 Graeci

223 1905 431 1954 περίδειπνον,
465 1899 674 1950 antiquitus
708 1900 824 1937 etiam
861 1900 939 1936 sili-

225 1959 399 2001 cernium,
448 1964 487 1994 et
537 1955 729 2004 exequium
785 1962 941 1991 auctore

223 2013 352 2051 Festo.
409 2008 715 2061 Etymologista:
735 2010 940 2059 περιδειπνον,

223 2068 243 2114 ἡ
262 2068 316 2105 ἐπὶ
335 2070 402 2109 τοῖς
419 2067 617 2103 ἀποθανοῦσι
642 2065 791 2113 γινομένη
821 2065 941 2101 ἑστία-

224 2138 287 2166 σις.
317 2119 543 2159 SCHOTT.

279 2179 294 2204 t
312 2175 490 2222 λέλεκται]
515 2174 656 2222 λέγεται
676 2172 720 2210 Ρ.

279 2236 304 2257 ¹1
322 2230 379 2266 καὶ
398 2229 445 2276 εἰ]
472 2227 585 2264 Hanc
605 2225 693 2264 lect.
714 2232 850 2263 contra
861 2224 940 2262 Da-

226 2283 362 2322 visium
382 2281 430 2319 ad
451 2280 628 2319 Ciceron.
650 2280 772 2330 Legg.
795 2293 831 2330 p.
851 2289 940 2328 177.

228 2336 398 2376 defendit
442 2334 620 2373 Schaefer.
665 2334 713 2372 ad
761 2333 941 2386 Longum

228 2406 266 2445 P·
288 2401 379 2442 355·
633 2442 641 2450 ‚

273 2454 304 2474 w
318 2445 430 2494 Οἰνόη]
449 2443 642 2483 Proverbi1
664 2443 841 2481 meminit
861 2443 945 2480 He-

229 2499 383 2553 sychius
403 2513 448 2538 ex
467 2500 645 2537 Demone
672 2496 946 2548 paroemiogra-

229 2556 307 2608 pho
325 2563 463 2599 vetere,
481 2567 502 2591 a
523 2552 639 2591 Suida
653 2553 768 2590 etiam
790 2551 945 2589 laudato

230 2622 309 2648 non
339 2622 436 2646 raro.
494 2607 630 2645 Strabo
660 2619 811 2658 quoque
848 2605 945 2643 libro

229 2665 342 2702 VIII.
364 2664 418 2714 [p.
436 2672 664 2712 545=577.
682 2661 766 2710 (ubi
779 2662 942 2711 Οἶνῶνη)]

230 2720 372 2770 Geogr.
393 2718 455 2768 qui
478 2724 517 2754 et
536 2715 724 2766 duplicem
747 2715 859 2760 Οἰνόην
880 2728 948 2752 no-

231 2773 378 2816 minat;
425 2782 541 2808 unam
579 2769 796 2807 Eleutheris
834 2767 950 2806 finiti-

232 2840 348 2873 mam,
365 2826 522 2864 alteram
543 2824 645 2876 apud
664 2823 948 2861 Marathonem.

233 2882 451 2934 Stephanus
471 2892 586 2917 unam
614 2877 724 2930 pouit
750 2878 791 2915 in
814 2877 947 2922 Icaria,

232 2936 395 2989 gentiles
433 2933 606 2973 derivans
644 2933 818 2974 Οἰνοαίους.
888 2936 949 2968 Οἰ-

232 2994 335 3036 ναίους
358 2989 422 3029 alii
450 2988 633 3033 scribunt,
662 2994 706 3025 ut
734 2985 881 3030 Suidas,
906 2999 952 3025 ex

234 3058 355 3097 eoque
375 3042 607 3098 Apostolius.
663 3043 758 3081 Post
785 3043 843 3087 τῆς
863 3044 946 3078 Ἀτ-

659 1231 879 1294 Μέμνηται
903 1231 1059 1290 ταύτης
1085 1237 1287 1286 Ἀλκαῖος.

283 1311 374 1360 ’Οῶ
397 1310 585 1359 οΡοΝΤὶΣ
611 1309 933 1357 ἸῐιιιοκΑείΔΗι
952 1328 961 1357 :

1002 1309 1292 1370 Ἱπποκλείδης
1325 1311 1437 1374 μετὰ
1471 1307 1541 1358 καὶ
1572 1310 1707 1359 ἄλλων

990 1465 1081 1509 τικῆς
1112 1462 1216 1501 addit
1248 1462 1425 1502 vatican.
1453 1465 1551 1511 ὁμοία
1579 1467 1636 1513 τῇ,
1663 1465 1708 1500 ‘0

992 1520 1180 1567 Καρπάθιος
1197 1518 1253 1555 τὸν
1267 1520 1391 1566 λαγών.
1447 1517 1503 1555 Et
1520 1530 1590 1569 pro
1606 1517 1707 1568 παρέ-

990 1574 1140 1622 γραψαν,
1161 1571 1386 1623 παρέτρεψαν,
1406 1581 1451 1610 ut
1469 1578 1508 1610 et
1521 1572 1707 1622 κατέστρε-

990 1630 1066 1672 ψεν,
1106 1639 1174 1678 pro
1212 1638 1289 1678 quo
1325 1627 1519 1675 μετέβαλεν
1547 1625 1709 1664 editum.

993 1680 1223 1719 SCHOTT.

1048 1742 1069 1763 ¹
1087 1734 1335 1787 παρέγραψαν]
1356 1733 1419 1773 Sic
1442 1733 1557 1773 etiam
1585 1733 1712 1773 Suidae

997 1804 1066 1829 ms.
1077 1799 1152 1830 vet.
1162 1790 1227 1828 sed
1243 1789 1317 1841 leg.
1331 1791 1544 1840 παρέτρεψαν
1559 1802 1647 1828 cum
1662 1789 1712 1828 B.

996 1846 1095 1884 Mox
1114 1858 1184 1896 pro
1203 1845 1393 1893 μετέβαλεν
1410 1843 1542 1882 malim
1555 1843 1712 1890 κατέβα-

995 1908 1063 1939 λεν.
1113 1899 1250 1938 Suidas
1268 1901 1434 1937 καθεῖλεν.

1049 1963 1071 1995 ν
1089 1957 1132 1992 ‘o
1154 1955 1254 2005 Κρὴς]
1284 1951 1468 1992 Meminit
1492 1960 1532 1991 et
1560 1952 1713 1998 Strabo,

997 2017 1036 2048 et
1077 2009 1242 2060 explicat
1288 2006 1531 2061 proverbium
1569 2007 1637 2046 lib.
1676 2020 1714 2045 x.

1001 2065 1056 2115 [p.
1087 2063 1339 2113 702=737.]
1391 2062 1560 2100 Adhibet
1596 2060 1714 2100 etiam

998 2117 1184 2156 Aristides
1233 2118 1274 2155 in
1333 2115 1478 2155 Pericle
1540 2115 1597 2167 [p.
1636 2127 1716 2165 229

998 2172 1132 2220 Cant]
1153 2175 1196 2209 ‘O
1218 2172 1299 2222 Κρὴς
1318 2171 1374 2208 τὸν
1392 2170 1514 2208 πόντον.
1573 2169 1652 2208 Ubi
1675 2177 1717 2208 et

999 2225 1234 2265 scholiastes
1274 2226 1478 2264 Cretenses
1513 2223 1716 2276 navigandi

999 2282 1142 2332 peritos
1166 2279 1270 2324 facit,
1291 2287 1331 2318 et
1349 2281 1462 2318 affine
1480 2291 1577 2323 esse,
1596 2282 1640 2316 *ο
1658 2284 1717 2316 Σι-

997 2336 1090 2379 κελὸς
1116 2336 1176 2382 τὴν
1204 2337 1404 2378 θάλασσαν,
1437 2334 1486 2372 de
1513 2345 1590 2386 quo
1619 2331 1719 2371 infra

1000 2390 1135 2442 adagio
1158 2399 1219 2440 15.
1249 2389 1479 2428 SCHOTT.

1056 2453 1074 2473 Ζ
1093 2448 1143 2482 Οὔ
1170 2445 1316 2494 φροντὶς]
1361 2441 1576 2481 Historiam
1605 2441 1720 2480 refert

1002 2499 1225 2538 Herodotus
1246 2498 1285 2536 in
1304 2499 1475 2536 Eratone
1497 2497 1584 2546 [VI.
1605 2496 1716 2546 129.]

1002 2552 1254 2604 meminitque
1281 2551 1466 2603 proverbii
1491 2551 1720 2589 Eustathius

1003 2608 1041 2646 in
1080 2607 1243 2659 primum
1273 2605 1381 2645 Iliad.
1414 2608 1471 2658 [p.
1494 2604 1610 2656 159]
1638 2603 1720 2642 Lu-

1003 2662 1134 2701 cianus
1171 2663 1211 2700 in
1242 2661 1432 2713 Apologia
1473 2660 1567 2710 [Pro
1605 2671 1720 2697 merc.

1006 2717 1095 2766 ult.]
1118 2725 1158 2755 et
1185 2716 1224 2754 in
1256 2715 1427 2778 Hercule
1457 2716 1507 2765 [c.
1526 2713 1598 2762 8.],
1632 2712 1720 2751 Plu-

1005 2772 1159 2810 tarchus
1205 2770 1321 2809 etiam
1360 2770 1424 2808 hb.
1462 2769 1501 2807 in
1542 2767 1722 2806 Hero-do-

1004 2834 1099 2871 tum,
1123 2825 1259 2864 Suidas
1287 2839 1333 2864 ex
1363 2822 1590 2874 Hermippo.
1606 2825 1640 2860 ἐν
1664 2823 1722 2868 δη-

1004 2880 1138 2929 μόταις.
1213 2880 1386 2931 Usurpat
1413 2886 1453 2918 et
1484 2875 1722 2929 Phrynichus

1006 2934 1045 2972 in
1083 2934 1229 2986 Ecloga
1267 2933 1470 2973 nominum
1504 2931 1722 2971 Atticorum

1006 2989 1145 3027 edente
1173 2989 1287 3027 Petro
1316 2986 1534 3032 Nunnesio,
1566 2983 1724 3024 homine

1008 3042 1244 3087 doctissimo,
1258 3043 1373 3095 longe
1393 3055 1506 3093 quam
1527 3048 1641 3080 antea
1657 3051 1722 3078 co-
