1852 3308
147 589 203 635 47

149 811 206 864 48

155 1376 212 1420 49

212 223 298 279 358

215 336 467 398 νενικηκότων
495 337 590 391 τοὺς
612 336 916 400 ἀνταγωνιστὰς
947 335 1014 383 διὰ
1047 338 1201 383 πολλοῦ
1223 330 1350 380 πόνου·
1389 334 1484 384 Μῦς
1509 329 1590 393 γὰρ
1612 333 1755 375 'Pa-A

768 218 1140 263 PROVERBIA

1550 213 1701 255 emm.

214 423 392 481 ραντῒνος
414 415 572 475 πύκτης
596 416 634 463 ε’ν
659 415 813 481 Πίσσῃ
847 411 1148 477 ἀγωνιζόμενος,
1172 408 1242 458 καὶ
1272 407 1370 475 πρὸς
1399 407 1577 462 πολλοὺς
1605 405 1706 471 ’ἔχων

217 496 483 559 ἀντιμοίχους,
508 492 670 547 πολλὰς
693 490 863 555 πληγοὶς
885 492 1040 548 λαβὼν,
1063 487 1180 552 μόλις
1209 486 1401 546 ἐνίκησεν.

284 570 469 621 ΡΟὖΔιΞΝ
495 569 629 620 &mdiv
665 568 918 618 infixam:
968 567 1188 632 Κλέαρχος
1220 564 1364 627 φησὶν,
1397 564 1457 612 δ’τι
1487 568 1705 628 Ἡρακλῆς

217 648 304 696 ι’ὃῶν
326 646 392 696 τόν
413 649 568 696 Ἄδωνιν
601 646 815 711 ἱδρυμένον,
848 644 944 706 ἔφη,
969 642 1120 692 ΟὖΔιέΝ
1158 643 1306 691 immin.

1377 641 1551 707 Εἴρηται
1588 637 1652 689 οἷν
1682 641 1708 699 ἦ

218 726 414 791 παροιμία
439 724 502 774 ἐπὶ
526 731 601 773 τῶν
624 730 831 778 παντελῶς
855 723 1024 772 εὐτελῶν
1047 721 1116 770 καὶ
1139 722 1369 785 ἀχρήστων.

287 803 465 852 qOEToz
490 802 638 851 XAAoz
665 803 935 851 *Hmmfizz
973 801 1190 863 Κλέαρχος
1209 797 1467 862 ἐξηγούμενος
1483 797 1556 855 τὴν
1571 815 1713 860 παροι-

218 879 316 946 μιάν
341 880 449 942 φησι
473 880 538 929 τὸν
561 881 739 945 Βριαρέω
762 879 1004 941 καλούμενον
1029 877 1247 943 Ἠρακλέα
1270 877 1396 925 ἐλθεῖν
1419 875 1478 929 εἷς
1501 872 1712 935 Δελφοὺς,

219 958 300 1007 καὶ·
332 958 518 1016 λαβόντα
541 958 582 1007 τὶ
606 965 680 1007 τῶν
705 959 794 1007 ε’κεῒ
810 957 1041 1020 κειμηλίων,
1065 958 1174 1020 κατά
1204 978 1246 1003 τι
1275 952 1447 1003 παλαιὸν
1470 952 1568 1009 ἔθος,
1590 954 1715 1017 ὁρμῆ-

222 1061 294 1086 σαι
319 1037 383 1086 ἐπὶ
402 1036 481 1091 τοὶς
507 1036 763 1101 Ἡρακλέους
793 1037 956 1095 στήλας
991 1033 1258 1096 καλουμένας,
1283 1031 1351 1080 καὶ
1381 1037 1456 1079 τῶν
1485 1030 1574 1079 ε’κεῒ
1599 1050 1713 1094 περι-

220 1117 421 1180 γενέσθαι.
492 1115 629 1181 Χρόνῳ
669 1116 712 1164 δὲ
754 1114 917 1180 ὕστερον
953 1112 1020 1163 τὸν
1053 1112 1196 1178 Τύριον
1238 1111 1457 1177 Ἧρακλέα
1494 1109 1621 1158 ε’λθεῒν
1655 1108 1757 1162 εἷςθ

223 1194 419 1256 Δελφοὺς
445 1193 694 1258 χρησόμενον
729 1199 784 1259 τῷ
817 1192 1005 1258 μαντείῳ·
1041 1191 1108 1240 τόν
1148 1192 1191 1240 ὃέ
1222 1190 1303 1240 θεὸν
1341 1193 1571 1256 προσειπεῖν
1596 1185 1717 1235 αὖτόν

223 1273 349 1320 ἄλλον
375 1272 605 1337 Ἡρακλέα·
643 1269 711 1318 καὶ
737 1269 834 1319 οὕτω
859 1272 930 1330 τὴν
953 1269 1169 1335 παροιμίαν
1193 1275 1412 1335 κρατῆσαι.

293 1348 439 1398 roim}
484 1349 727 1397 *HPAxAx‘iz
763 1347 879 1396 111262
914 1349 1023 1396 Aio:
1070 1347 1208 1396 Φασὶν
1247 1346 1463 1407 Ἠρακλέα
1503 1345 1618 1393 θέντα
1651 1341 1719 1392 τόν

230 1425 515 1491 4Ολυμπιακόν
558 1427 709 1491 ἀγῶνα,
754 1427 1038 1475 πιστεύσαντοὶ
1078 1447 1126 1474 τε
1170 1432 1224 1492 τῇ
1267 1426 1410 1473 ἑαυτοῦ
1451 1424 1631 1487 δυνάμει,
1666 1444 1719 1490 τῃ

286 1595 306 1625 P
326 1584 427 1622 Οὐδὲν
447 1584 541 1633 ἱερὸν]
560 1582 790 1622 Theocritus
807 1583 844 1620 in
863 1583 948 1621 Ho-

231 1637 454 1690 doeporicis:
480 1639 548 1687 [V.
569 1638 651 1687 21.]
693 1641 791 1675 Ἀλλ’
829 1635 880 1674 οὖν
913 1636 954 1675 αἵ

231 1711 278 1731 κα
310 1697 369 1743 λῇς
395 1690 502 1742 ἔριφον
532 1693 641 1741 θέμεν,
678 1690 747 1728 ἕντι
776 1691 836 1740 μὲν
864 1691 951 1730 οὐδὲν

231 1746 339 1798 Ἱερόν.
397 1746 457 1783 Ad
487 1759 600 1797 quem
631 1745 861 1784 Scholiastes
892 1745 950 1783 lo·

233 1815 322 1840 cum
355 1801 578 1838 Cleandrum
607 1799 794 1844 nominat,
815 1800 951 1851 depra-

234 1863 323 1893 vate
344 1864 386 1892 ut
405 1855 554 1906 opinor,
576 1855 642 1905 qui
668 1853 730 1893 hic
754 1854 953 1892 Clearchus

235 1918 294 1948 est
322 1909 438 1946 etiam
469 1907 508 1946 in
538 1907 711 1960 proximo
740 1907 951 1959 proverbio.

236 1963 355 2002 Addit
382 1962 518 2001 Suidas
548 1963 632 2000 ideo
662 1961 874 2000 Adonidem
906 1961 953 1999 si-

239 2017 408 2056 mulacro
427 2016 628 2069 indignum
645 2016 801 2054 Herculi
818 2016 952 2060 visum,

239 2071 297 2109 vel
317 2071 419 2122 quod
439 2084 517 2109 non
546 2070 617 2109 nisi
646 2071 742 2108 bene
761 2071 808 2108 de
828 2069 952 2108 homi-

240 2124 352 2163 nibus
383 2125 529 2162 meritis
556 2124 670 2162 statui
696 2124 875 2168 solerent,
897 2123 956 2160 vel

240 2178 343 2229 quod
369 2178 417 2216 ad
439 2181 520 2229 ejus
545 2186 710 2216 statuam
733 2177 957 2229 confugien-

241 2233 357 2276 tibus,
378 2240 421 2269 ut
449 2232 540 2269 alias
569 2244 729 2282 semper,
753 2244 830 2269 non
851 2239 959 2282 pate-

244 2293 304 2324 ret
323 2285 480 2336 asylum.
511 2286 738 2323 SCHOTT.

298 2348 319 2378 q
343 2339 445 2383 Οὗτος
481 2338 600 2388 ἄλλος]
642 2338 775 2377 Utitur
811 2338 958 2376 Aristo-

243 2393 337 2432 teles
357 2392 482 2431 Ethic.
502 2392 957 2432 Eudemiorumlib.V11.

247 2449 297 2497 [c.
314 2460 327 2485 1
340 2448 393 2496 2.]
416 2451 459 2485 ‘O
478 2450 543 2498 γὰρ
562 2449 660 2499 φίλος
683 2449 842 2494 βούλεται
862 2444 956 2492 εἶναι,

245 2502 349 2552 ὥσπερ
369 2503 387 2547 ἦ
406 2504 564 2552 παροιμία
583 2503 697 2552 φησὶν,
711 2499 835 2544 ’Άλλος
852 2504 957 2551 Ἥρα-

245 2558 336 2600 κλῆς,
375 2554 477 2599 ἄλλος
512 2555 613 2599 οὗτος,
678 2555 872 2594 Plutarchi
920 2555 957 2592 in

245 2609 394 2647 Thesea
406 2609 532 2647 locum
547 2609 656 2647 attuli
674 2609 720 2647 ad
734 2611 781 2647 V.
791 2622 812 2658 3
819 2621 856 2658 3.
871 2623 959 2661 pro-

246 2663 350 2701 verb.
376 2667 446 2700 Οὐκ
465 2662 542 2699 ἄνευ
560 2679 601 2711 γε
621 2664 768 2709 Θησέως.
798 2664 856 2700 Μ.
881 2665 959 2701 Te-

247 2718 393 2755 rentius
413 2717 532 2753 Varro
560 2716 821 2767 Menippaeam
853 2718 960 2768 Saty·

250 2783 329 2808 ram
365 2771 436 2808 hac
472 2774 639 2820 ἐπιγραφῇ
673 2770 835 2814 ornavit,
867 2779 964 2809 teste

249 2823 463 2869 Macrobio,
494 2824 681 2874 refertque
718 2825 766 2862 ab
796 2823 862 2862 illo
894 2838 964 2862 nu-

253 2886 417 2917 meratos
431 2885 507 2916 tres
522 2885 563 2916 et
576 2877 836 2929 quadraginta.
868 2878 966 2916 Vide

252 2932 342 2971 Lilii
381 2931 537 2984 Gyraldi
576 2932 624 2970 de
662 2931 831 2969 Hercule
869 2932 966 2982 Syn-

253 2996 392 3039 tagma‚
414 2994 454 3024 et
469 2987 670 3024 Erasmum
687 2984 787 3023 Chii.
808 2986 841 3023 Ι.
864 2985 965 3022 Cen-

1006 1581 1102 1621 turia
1124 1594 1160 1632 7.
1189 1581 1248 1620 Ad
1263 1581 1441 1620 eumdem
1463 1580 1619 1620 modum
1635 1579 1722 1619 Ari·

1005 1637 1121 1676 stides
1165 1636 1212 1675 de
1258 1637 1479 1674 Graecorum
1527 1644 1722 1674 oratorum

1006 1690 1180 1743 principe
1206 1691 1472 1728 Demosthene
1495 1690 1724 1728 Mercurium

1006 1747 1165 1783 alterum
1185 1745 1292 1783 dixit.
1323 1744 1552 1782 SCHOTT.

1062 1806 1078 1827 ¹¹
1097 1799 1181 1837 Οὐδὲ
1217 1799 1402 1849 Ἡρακλῆς]
1444 1797 1618 1836 vatican.
1666 1796 1725 1835 his

1008 1854 1130 1891 verbis
1149 1852 1314 1904 explicat
1329 1868 1337 1890 :
1368 1855 1536 1902 Ἡρακλῆς
1551 1859 1594 1903 τῇ
1607 1855 1725 1890 ἑαυτοῦ·

1007 1910 1194 1951 πιστεύσας
1224 1909 1358 1956 δυνάμει
1385 1909 1481 1944 κατὰ
1507 1907 1563 1944 τὸν
1593 1911 1725 1955 Ὀλυμ-

1007 1962 1123 1999 πιακὸν
1142 1965 1259 2010 ἀγῶνα
1278 1963 1411 2007 defixos
1424 1961 1497 2011 πρὸς
1514 1963 1567 1998 δύο
1584 1963 1724 1998 xvxi-225-

1010 2032 1075 2053 σων
1102 2023 1147 2065 τῇ
1168 2015 1302 2065 δευτέρᾳ
1326 2015 1570 2064 πενταετηρίδι·
1599 2015 1727 2060 ἡττήθη

1010 2070 1044 2107 δὲ
1063 2076 1108 2118 τῇ
1125 2069 1263 2119 προτέρᾳ
1286 2070 1337 2106 δύο
1357 2067 1564 2113 ἀποκτείνας,
1584 2070 1642 2106 καὶ
1661 2069 1728 2106 Εὔ-

1013 2139 1103 2172 ρυτον
1124 2124 1181 2159 καὶ
1211 2123 1372 2160 Κλέατον.
1429 2121 1566 2160 Suidas
1593 2122 1726 2160 eadem

1015 2189 1134 2227 prope
1171 2184 1463 2219 commemorat,
1507 2175 1579 2213 nisi
1626 2177 1728 2226 quod

1014 2230 1140 2273 Τέατος
1170 2230 1266 2267 alter
1303 2229 1533 2275 nominetur,
1564 2229 1628 2281 qui
1667 2228 1729 2268 h‘ic

1018 2285 1166 2327 Κτέατος
1193 2292 1262 2322 est.
1322 2283 1431 2322 Plato
1460 2296 1547 2322 vero
1578 2283 1618 2322 in
1649 2285 1730 2323 Eu-

1016 2338 1198 2388 thydemo
1230 2338 1286 2389 [p.
1307 2348 1382 2388 297
1405 2338 1470 2387 C.]
1495 2337 1542 2376 ad
1561 2338 1730 2377 fabulam

1016 2391 1147 2430 retulit
1177 2402 1344 2437 venuste,
1365 2392 1466 2443 quod
1494 2405 1582 2430 cum
1612 2392 1732 2442 hydra

1015 2455 1054 2483 et
1084 2459 1223 2485 cancro
1251 2446 1403 2485 certarit
1432 2446 1630 2491 Herculoe,
1650 2445 1729 2485 vic-

1014 2508 1150 2551 tusque
1175 2499 1270 2538 Iolai
1296 2499 1507 2552 implorarit
1534 2499 1728 2539 auxilium.

1015 2554 1125 2592 Idem
1154 2554 1272 2592 utitur
1299 2554 1434 2605 adagio
1459 2553 1525 2591 lib.
1548 2555 1611 2593 De
1638 2554 1727 2607 legi-

1016 2609 1088 2646 bus
1121 2608 1291 2647 secundo
1320 2607 1418 2658 [XI.
1438 2620 1572 2659 p.919
1591 2609 1657 2658 B.]
1691 2617 1731 2647 et

1017 2662 1055 2700 in
1086 2663 1278 2701 Phaedone
1310 2663 1368 2714 [p.
1392 2662 1443 2712 89
1463 2663 1531 2711 C.]
1582 2663 1731 2701 Home-

1018 2729 1080 2754 rus
1101 2729 1190 2754 vero
1219 2729 1296 2754 non
1320 2729 1415 2761 rare,
1437 2716 1540 2766 quod
1560 2717 1734 2754 Catullus

1021 2770 1059 2808 in
1088 2770 1350 2822 Epithalamio
1380 2769 1500 2808 dixit:
1532 2772 1609 2808 noli
1636 2784 1733 2821 pug-

1021 2837 1112 2862 nare
1148 2826 1299 2862 duobus.
1347 2824 1577 2863 SCHOTT.
1645 2825 1734 2862 Vid.

1024 2878 1152 2916 Schol.
1177 2878 1326 2916 Platon.
1349 2891 1386 2929 p.
1410 2890 1468 2916 11.
1499 2878 1628 2917 Schol.
1649 2879 1735 2917 Ari-

1022 2932 1108 2970 stid.
1129 2932 1176 2970 T.
1199 2933 1274 2970 111.
1296 2945 1334 2983 p.
1350 2944 1443 2982 429.

1722 728 1756 763 B
