1852 3308
237 239 318 283 288
798 240 1169 284 PROVERBIA
1571 225 1735 288 cmm(

304 356 623 403 mmmmpoz
666 353 711 403 ni
751 357 833 404 wi«
872 357 1274 405 n.u²Ax⁴1'·n'1·on'1-o>::
1314 355 1416 406 Ἐπὶ
1450 364 1523 406 τῶν
1559 357 1771 425 σφόδραᾼ

236 432 386 481 δειλῶν.
459 433 570 497 Ἀνὴρ
604 435 684 498 γάρ
718 455 782 488 τις
817 432 938 488 οὕτως
973 434 1127 497 ἐγένετο
1163 433 1310 492 δειλὸς,
1345 434 1454 484 ὥστε
1488 437 1555 485 διὰ
1587 437 1722 499 φὸβον

238 510 494 575 Ἡρακλέους
517 510 665 558 κατέδυ
689 510 747 563 εἷς
771 511 984 570 σπήλαιον,
1001 510 1071 559 καὶ
1095 512 1160 561 διὰ
1183 512 1335 561 δειλίαν
1352 515 1534 564 ἀπέθανε.
1572 521 1721 580 Παρα-

235 587 369 646 κῦψας
391 590 470 652 ’γὰρ
499 586 544 635 ἔκ
572 593 641 635 τοῦ
666 587 886 646 σπηλαίου,
911 587 979 636 καὶ
1015 590 1102 638 mm
1135 590 1203 639 τὸν
1228 593 1459 656 Ἡρακλέα,
1483 593 1719 654 claremontem

234 663 304 713 καὶ
328 665 515 728 διέμεινεν
539 664 600 712 ἔτι
625 664 694 712 καὶ
718 671 779 713 νῦν
802 668 821 712 ὅ
845 666 954 721 λίθος
975 668 1271 733 ἀνθρωποειδὴς,
1295 670 1367 728 τὴν
1389 671 1576 732 κεφαλὴν
1600 671 1720 738 ὓπερ-

166 377 222 420 32

164 840 219 884 33

164 994 222 1037 34

164 1309 220 1354 35

235 742 336 807 ἔχων
359 748 428 790 τοῦ
452 741 668 800 σπηλαίου.

304 829 321 850 r
372 820 383 837 x
503 819 515 836 x
599 820 611 836 x
706 818 718 836 x
852 822 865 839 Ι
916 836 927 847 ⁰
994 820 1013 839 ν
1151 823 1164 840 κ
1275 822 1287 840 x
1344 832 1363 842 a
1497 832 1516 843 a
1686 829 1700 847 p

328 825 414 867 ΔιΣ
440 840 517 866 xA1
543 840 640 867 ΤΡΙΣ
665 841 718 867 'ro
747 841 898 875 KAAQN
916 856 927 868 .
952 827 1070 869 Ουτω
1093 843 1175 888 χρη
1197 845 1286 889 περι
1311 846 1386 873 των
1409 836 1539 874 καλων
1559 837 1721 875 πολλα-

236 918 301 951 κις
323 897 471 960 λέγειν.

302 975 582 1022 SAmAa‘moN
608 973 758 1023 KAxo'N
777 990 788 1022 :
827 972 929 1022 4Επὶ
953 981 1026 1023 τῶν
1046 978 1160 1041 μέγα
1183 977 1252 1026 καὶ
1277 977 1396 1028 ὃεινόν
1419 980 1717 1045 ὑφισταμένων.

234 1053 460 1117 Διωλῦγιον
482 1056 561 1118 γάρ
586 1054 676 1102 ε’στι
701 1052 747 1101 τὸ
772 1053 886 1116 μέγα
910 1052 979 1101 καὶ
1002 1055 1106 1103 πολὺ
1131 1057 1272 1116 διῆκον.

289 1140 402 1182 Οὕτως
421 1141 473 1175 toz)
491 1141 606 1189 μακρὰ
626 1140 683 1177 καὶ
702 1141 866 1189 διωλύγιος
883 1142 1042 1190 φλυαρία·

235 1215 428 1262 Πλάτων.

305 1300 325 1320 u
468 1289 480 1308 Χ
561 1291 573 1308 b·
729 1292 746 1308 Λ
849 1310 857 1319 .
996 1290 1006 1307 3
1053 1291 1074 1309 ΡΙ
1202 1295 1214 1310 e
1342 1294 1354 1311 Ι
1506 1296 1519 1312 ἱ
1615 1296 1626 1313 ’
1659 1296 1673 1314 Ι

332 1297 512 1339 ΔΕιΛοΝ
553 1314 577 1338 ο
618 1296 857 1339 ΠΛονΓοΣ.
897 1296 995 1356 [lap
1047 1314 1136 1340 οσον
1176 1316 1209 1342 οι
1250 1305 1435 1343 πλουσιοι
1475 1318 1548 1350 τας
1589 1319 1718 1350 οικιας

235 1501 323 1533 tum.
379 1496 453 1534 Et:
495 1497 541 1534 In
568 1498 745 1534 seditione
774 1498 832 1534 vel
865 1498 945 1534 An-

234 1551 375 1588 drocles
411 1552 536 1588 ducem
579 1553 670 1599 agit.
745 1549 946 1589 Trochaici

233 1603 384 1642 initium
431 1605 640 1642 concinnat
694 1604 942 1642 Desiderius:

233 1659 352 1696 Δέδοτο
365 1660 421 1695 καὶ
435 1663 584 1707 κακοῖσιν
598 1658 700 1708 ἄγρα.
719 1660 779 1696 SC
785 1660 822 1697 H
826 1659 946 1697 OTT.

287 1719 309 1748 q
328 1713 529 1763 Δειλότερος]
574 1713 733 1751 Habent
770 1714 944 1751 eamdem

233 1765 399 1804 fabulam
431 1766 565 1804 Suidas
594 1774 631 1805 et
654 1767 887 1818 Apostolius,
908 1775 947 1804 et

233 1819 357 1858 innuit
395 1820 555 1858 Ovidius
592 1820 657 1859 lib.
697 1822 771 1859 IX.
819 1821 947 1859 Meta-

235 1875 383 1925 morph.
418 1874 466 1912 de
494 1874 616 1914 Licha
644 1876 691 1913 ab
713 1875 881 1913 Hercule
906 1875 946 1913 in

236 1941 338 1966 mare
358 1928 605 1980 praecipitato,
628 1938 667 1967 et
687 1929 725 1966 in
747 1929 947 1981 scopulum

235 1995 428 2021 converso.
462 1984 690 2021 SCHOTT.

290 2045 306 2065 ¹·
339 2038 398 2080 Δὶς
429 2039 486 2075 καὶ
524 2038 606 2087 τρὶς]
642 2038 812 2088 Usurpat
849 2051 949 2089 saepe

234 2090 345 2128 Plato
366 2090 405 2128 in
426 2090 584 2129 Philebo
606 2093 660 2144 [p.
684 2102 735 2140 59
754 2091 821 2138 E.]
845 2093 946 2129 Gor·

234 2144 297 2196 gia
318 2146 374 2195 [p.
396 2146 476 2194 498
496 2145 565 2193 E.]
586 2153 625 2182 et
644 2145 735 2182 VII.
756 2144 804 2182 de
833 2145 948 2197 Legi-

234 2198 305 2236 bus
331 2199 386 2249 [p.
409 2198 490 2247 956
507 2199 579 2247 E.]
603 2210 766 2248 eumque
789 2198 948 2236 laudans

234 2251 430 2289 Lucianus
445 2250 483 2289 in
499 2251 734 2302 Dipsadibus
751 2252 858 2301 [ult.]
882 2253 947 2290 Κό-

234 2322 295 2356 ρος,
308 2304 444 2356 inquit,
464 2307 560 2349 οὐδεὶς
576 2310 640 2343 τῶν
652 2311 775 2344 καλῶν.
808 2307 945 2344 Rerum

236 2360 470 2398 honestarum
489 2361 595 2396 nulla
622 2361 786 2398 satietas.
845 2361 947 2398 Nam

234 2413 376 2464 pulcra,
397 2421 440 2450 ut
460 2413 508 2451 de
523 2412 631 2464 poesi
651 2414 811 2452 Flaccus
831 2416 947 2460 cauit,

234 2470 266 2504 si
287 2470 442 2517 propias
465 2473 538 2505 stes
566 2469 617 2505 Te
642 2470 789 2518 capient
817 2472 947 2518 magis,

235 2535 280 2558 ac
299 2524 416 2559 decies
443 2524 599 2571 repetita
627 2523 838 2572 placebant.
895 2525 949 2561 Et

235 2576 348 2613 Maro
366 2591 373 2612 :
409 2576 487 2612 Nec
505 2578 635 2613 vidisse
653 2578 762 2614 semel
779 2579 870 2614 satis
884 2583 949 2621 est,

226 2627 341 2677 juvat
378 2642 489 2678 usque
530 2632 680 2667 morari.
725 2631 948 2670 SCHOTT.

237 2683 324 2720 Vid.
345 2682 472 2721 Schol.
492 2683 643 2721 Platon.
664 2697 702 2734 p.
729 2696 815 2732 124.

293 2745 308 2765 ⁸
327 2738 520 2786 Διωλόγιον]
544 2737 749 2788 Repetitur
774 2739 955 2789 adagium

237 2790 334 2828 infra
364 2791 476 2828 Ceut.
511 2791 559 2828 V.
595 2804 699 2828 num.
735 2802 798 2841 55.
829 2793 950 2843 Hesy-

238 2843 347 2883 chius
377 2847 540 2893 διωλύγιον
570 2844 734 2895 explidat
765 2846 859 2894 μέγα
893 2848 951 2883 καὶ

238 2898 371 2950 σφοδρὸν
392 2899 639 2946 διατεταμένον,
670 2900 779 2950 longe
808 2901 952 2948 lateque

237 2965 275 2989 se
293 2954 497 2991 extendens.
540 2951 843 3004 Etymologista:
865 2959 949 2990 Διω-

1003 1500 1105 1548 >atym
1122 1501 1313 1548 πράγματα
1331 1503 1380 1537 τὰ
1406 1504 1548 1550 μεγάλα
1565 1503 1624 1539 καὶ
1648 1519 1718 1551 χα·

1002 1554 1103 1589 λεπά.
1162 1552 1250 1592 Quo
1271 1554 1385 1592 modo
1405 1562 1444 1593 et
1462 1568 1484 1593 e
1503 1555 1621 1607 Lysia
1639 1557 1718 1595 Va-

1003 1604 1116 1644 lerius
1163 1606 1460 1658 Harpocration,
1512 1609 1719 1663 laudatque

1004 1660 1218 1704 Platonem,
1239 1660 1347 1710 cujus
1376 1661 1415 1699 in
1435 1663 1636 1703 Theaeteto
1661 1664 1721 1709 lo-⁸

1002 1726 1069 1751 cus
1097 1722 1167 1760 est,
1200 1715 1258 1766 [p.
1285 1716 1358 1754 162
1389 1717 1459 1766 A.]
1491 1718 1719 1769 Chrysosto-

1004 1781 1088 1806 mus
1117 1769 1224 1807 Orat.
1244 1770 1299 1807 11.
1328 1778 1462 1809 contra
1479 1771 1635 1810 Judaeos
1663 1772 1718 1812 sic

1003 1822 1050 1860 ad
1085 1835 1217 1860 vocem
1249 1823 1397 1868 alludit.
1429 1826 1524 1876 μέγα
1555 1828 1723 1876 διωλύγιον.

1001 1875 1225 1921 ὀλολύξαντες.
1282 1879 1335 1916 Et
1367 1879 1520 1918 Philoni
1557 1881 1721 1931 διωλόγιος

1003 1932 1104 1974 ὕπνος.
1134 1932 1364 1970 SCHOTT.

1058 1984 1073 2012 t
1092 1986 1112 2031 ἦ
1130 1987 1264 2035 μακρὰ]
1286 1990 1320 2023 οὐ
1337 1989 1453 2038 μακρὰ
1471 1988 1514 2026 P.
1537 1988 1589 2026 H.
1609 1986 1652 2027 F.

1059 2046 1081 2067 υ
1103 2040 1232 2088 Δειλός]
1257 2039 1422 2079 Divitias
1450 2041 1719 2081 formidulosos

1006 2091 1175 2137 reddere,
1218 2102 1309 2131 nota
1346 2094 1457 2132 nimis
1496 2108 1554 2134 res
1591 2095 1651 2135 vel
1697 2109 1719 2134 e

1004 2145 1126 2183 Plauti
1147 2146 1354 2193 Aulularia,
1374 2156 1413 2186 et
1439 2148 1602 2187 Luciani
1629 2150 1717 2201 My-

1003 2198 1091 2237 cillo
1126 2199 1331 2253 [Somnio]
1369 2201 1539 2253 itemque
1570 2202 1717 2242 Aristo-

1004 2253 1129 2304 phane
1168 2255 1205 2292 in
1246 2255 1374 2299 Pluto,
1407 2257 1474 2307 qui
1504 2265 1542 2295 et
1574 2270 1718 2296 caecum

1006 2307 1109 2352 facit,
1131 2307 1196 2346 ubi
1225 2307 1307 2357 ejus
1335 2308 1520 2361 interpres
1539 2323 1585 2349 ex
1602 2310 1721 2353 Euri-,

1003 2361 1091 2412 pide
1128 2362 1344 2401 desumtum
1385 2363 1622 2415 proverbium
1660 2365 1722 2407 in-.

1004 2416 1112 2453 nuit:
1145 2417 1264 2454 Δεῒλόν
1285 2419 1313 2454 θ’
1333 2420 1348 2455 ὅ
1370 2424 1507 2463 πλοῦτος
1537 2420 1600 2461 καὶ
1620 2419 1718 2471 ψιλί-

1003 2472 1108 2517 ψιιχον
1136 2471 1247 2508 κακόν.
1304 2471 1587 2522 Experimento
1611 2472 1719 2512 deui-

1005 2537 1077 2574 que
1115 2524 1338 2575 quotidiano
1376 2525 1477 2563 idem
1525 2525 1718 2565 discimus.

1008 2577 1154 2616 Scitum
1183 2586 1223 2616 et
1247 2578 1340 2617 illud
1369 2578 1553 2630 Satyrici:
1587 2581 1720 2618 Pauca

1008 2634 1091 2669 licet
1118 2637 1245 2681 portes
1277 2635 1424 2682 argenti
1456 2635 1607 2672 vascula
1630 2636 1723 2684 pari

1008 2686 1126 2724 Nocte
1141 2688 1212 2724 iter
1231 2688 1425 2736 ingressus,
1444 2689 1613 2736 gladium
1632 2701 1719 2727 con-

1008 2745 1155 2789 tumque
1168 2742 1319 2786 timebis,
1331 2741 1390 2778 Et
1403 2746 1510 2779 motae
1524 2743 1575 2779 ad
1593 2742 1720 2780 lunam

1009 2795 1208 2842 trepidabis
1218 2796 1410 2832 arundinis
1421 2796 1598 2833 ambram.
1623 2796 1720 2834 Can-

1009 2848 1102 2883 tabit
1120 2860 1257 2885 vacuas
1276 2862 1400 2886 coram
1423 2850 1568 2887 latrone
1585 2851 1719 2888 viator.

1008 2901 1236 2940 SCHOTT.
1270 2904 1386 2941 Δειλὸν
1405 2903 1450 2941 Ρ.
1472 2903 1527 2941 Η.
1548 2902 1719 2955 Euripid.

1007 2954 1140 2992 Phoen.
1160 2955 1251 2992 600.
