1800 3250
342 604 740 660 ANDREAS
794 603 1240 662 SCHOTTUS

586 737 920 787 LECTORI
961 739 1008 787 S.

118 888 206 936 NE
242 895 419 946 actum,
442 891 571 951 quod
605 891 859 952 proverbio
888 898 1122 946 vetamur,
1146 891 1314 954 egisse,
1347 890 1537 946 Lector,

50 967 229 1023 videar,
264 968 450 1015 consilii
488 969 642 1015 nostri
683 970 925 1015 reddenda
959 969 1085 1015 ratio
1126 976 1213 1025 est,
1247 968 1322 1027 (ut
1363 969 1451 1016 otii
1485 970 1538 1016 in

51 1045 247 1109 negotio
261 1052 478 1093 constare
496 1052 716 1107 oportere
734 1047 920 1093 censuit
934 1047 986 1093 in
1001 1047 1289 1111 Originibus
1305 1048 1359 1093 M
1365 1047 1537 1107 .Cat0‚)

51 1123 194 1170 editis
222 1125 328 1186 jam
352 1139 381 1171 a
403 1124 541 1171 nobis
566 1124 842 1170 Proverbiis
869 1140 895 1171 e
920 1124 1200 1172 Graecorum
1232 1125 1539 1186 potissimum

51 1201 283 1258 fontibus,
306 1209 416 1263 post
438 1208 512 1248 tot
536 1208 790 1262 tantosque
824 1202 1098 1249 litterarum
1130 1203 1315 1259 heroas,
1340 1203 1540 1250 Deside-

52 1278 165 1335 riOS,
201 1279 482 1342 Polydoros,
506 1280 540 1326 J
541 1280 697 1335 unios,
722 1295 776 1326 ac
811 1280 1139 1336 Brassicanos,
1163 1283 1294 1328 velut
1322 1298 1381 1328 ex
1416 1298 1539 1342 equo

53 1348 270 1419 Trojano
283 1359 573 1418 prodeuntes
591 1371 602 1404 ε
626 1359 791 1419 quales
810 1357 893 1404 vix
911 1358 1126 1421 singulos
1145 1359 1351 1422 singulae
1370 1365 1539 1405 aetates

2 1460 3 1463 =
51 1433 226 1481 ferant.
296 1435 482 1483 Verum
517 1436 558 1482 si
593 1435 702 1496 quis
744 1435 897 1481 nostri
934 1436 1112 1483 laboris
1149 1437 1331 1483 arbiter
1371 1439 1539 1484 sedens

0 1551 4 1561 ς
51 1513 257 1559 aliorum
280 1513 405 1560 forte
428 1514 691 1574 inspexerit
715 1513 972 1576 diligenter
994 1515 1084 1561 hoc
1119 1515 1171 1560 in
1204 1531 1379 1578 genere
1406 1517 1541 1562 lucu-

51 1589 309 1644 brationes,
332 1597 550 1637 nostrum
575 1607 689 1638 sane
712 1598 954 1646 conatum,
977 1599 1033 1638 ut
1056 1608 1210 1651 spero,
1234 1608 1331 1638 non
1366 1608 1541 1653 usque-

0 1725 2 1728 *
51 1681 243 1726 quaque
276 1667 521 1714 fastidiet:
559 1670 704 1728 quod,
729 1684 839 1727 quae
874 1668 1085 1728 primum
1121 1669 1198 1715 edi
1234 1670 1295 1716 ab
1317 1670 1429 1724 illis,
1453 1670 1539 1730 qui

52 1750 423 1801 antecesserunt,
472 1745 688 1805 oportuit
732 1745 904 1792 Graeca
958 1747 1217 1802 volumina,
1268 1749 1395 1793 unde
1452 1763 1540 1794 sua

51 1838 282 1886 magnam
303 1828 498 1884 partem*
514 1824 791 1877 hauserant,
815 1823 858 1869 si
881 1839 938 1869 ea
959 1823 1159 1870 minime
1187 1825 1348 1886 jacere
1382 1841 1437 1871 ac
1471 1827 1541 1871 la-

0 1932 3 1933 ⁷
51 1905 154 1946 tere
198 1906 432 1960 perpetuo
477 1916 584 1947 sum
630 1916 816 1961 passuS,
856 1916 997 1947 nemo
1035 1902 1149 1963 jure
1194 1903 1541 1963 reprehendere

52 1983 228 2039 queat3
264 1978 423 2024 favere
447 1979 608 2039 potius
633 1980 817 2033 debeat,
842 1980 971 2039 quod
995 1995 1054 2025 ex
1083 1981 1260 2027 abditis
1296 1998 1350 2027 ac
1384 1983 1543 2042 publi-

53 2055 121 2102 cis
143 2071 309 2103 eruere
333 2056 635 2103 bibliothecis
659 2057 711 2102 in
734 2059 984 2118 lucemque
1019 2059 1233 2118 proferre
1256 2059 1402 2106 etiam
1427 2059 1542 2106 ἀνέκ-

3 2196 7 2200 .
53 2131 150 2181 δοται
183 2150 291 2181 sum
328 2149 612 2198 aggressus:
648 2135 912 2182 Zenobium
950 2137 1166 2198 inquam,
1202 2153 1286 2184 seu
1327 2138 1543 2184 Zenodo-

0 2211 2 2214 ’
53 2217 174 2268 tum,
198 2212 572 2276 Diogenhanum,
597 2215 668 2259 ad
682 2214 811 2260 hunc
838 2214 967 2260 diem
1001 2215 1266 2262 ineditum:
1301 2215 1417 2262 item
1442 2215 1543 2263 Va-

0 2348 4 2350 >
53 2290 262 2338 ticanam
286 2291 617 2352 Appendicem
642 2291 806 2352 (quam
843 2293 947 2339 sine
981 2300 1281 2355 argumento,
1314 2296 1542 2355 nulloque

55 2373 247 2416 {auctore
282 2369 518 2416 Erasmus
555 2369 806 2416 Plutarchi
831 2371 1132 2417 Collectanea
1165 2371 1344 2431 passim
1381 2375 1543 2433 appel-

53 2448 141 2508 lat)
166 2447 296 2508 typis
319 2462 509 2507 quoque
533 2448 746 2493 nondum
772 2448 965 2494 editam.
1035 2448 1167 2494 Tum
1191 2465 1216 2495 e
1245 2449 1411 2496 Suidae
1446 2452 1540 2496 col-

54 2524 279 2571 lectaneis
326 2526 473 2570 allata
515 2525 681 2571 ordine
727 2525 916 2572 omnia:
964 2525 1014 2571 in
1056 2527 1193 2588 cujus
1239 2527 1432 2574 scholiis
1479 2544 1539 2574 ex

5 2639 17 2653 ,.
57 2601 303 2664 Hesychio
339 2602 513 2664 adagia
547 2603 841 2666 collegimus,
878 2601 1023 2664 (quae,
1059 2612 1115 2649 ut
1149 2604 1252 2665 ipse
1286 2606 1537 2666 praefando

11 2722 14 2723 γ
53 2685 274 2736 testatur,
297 2697 324 2727 e
348 2681 571 2727 brevibus
605 2682 701 2727 illis
733 2681 1041 2744 Diogeniani,
1065 2682 1260 2728 uberius
1285 2683 1538 2729 concinna-

54 2757 225 2820 verat,)
242 2764 290 2805 et
313 2758 413 2804 suis
437 2774 643 2819 quaeque
666 2759 781 2805 locis
806 2765 1074 2819 opportune
1098 2760 1403 2806 inseruimus.
1443 2761 1537 2806 His

56 2835 259 2882 accessio
281 2836 409 2882 facta
433 2852 528 2882 non
553 2836 831 2896 poenitenda
855 2836 1134 2884 Graecorum
1160 2839 1537 2897 proverbiorum,

11 2972 14 2974 q
55 2927 176 2958 cum·
191 2919 240 2959 et
271 2913 570 2960 Stromateus
606 2915 638 2959 J
640 2930 706 2961 os.
732 2915 963 2978 Scaligeri
988 2915 1168 2962 Graecis
1191 2917 1406 2962 versibus
1431 2915 1557 2961 con-'

55 2993 232 3044 textus,
255 2997 304 3036 et
337 2991 536 3038 tertium
564 2992 669 3053 jam
705 2993 755 3039 in
787 2993 948 3039 Gallia
971 2993 1139 3041 Graece
1174 2994 1347 3048 editus,
1371 2992 1538 3039 ceteris

811 3068 839 3109 b
