1852 3308
253 268 309 308 42

808 243 1178 289 PROVERBIA

203 382 205 391 ’
253 368 435 434 γομένοις
457 369 566 430 μετὰ
589 364 814 431 παρρησίας
839 363 926 421 ἐξῆν
949 365 1101 426 τροφῆς
1123 355 1192 406 καὶ
1216 354 1315 404 οἴνου
1338 357 1581 418 πληρωθεῒσι
1605 350 1792 416 λέγεινᾼ

255 445 285 494 ἃ
308 446 537 504 βούλονται,
560 443 645 507 μεθ’
671 440 699 490 ἃ
723 440 965 504 φιμωθέντες
990 439 1188 500 ἀπήγοντο
1212 433 1308 500 πρὸς
1333 434 1406 492 τὴν
1430 431 1616 482 κόλασιν.
1680 428 1742 479 To

255 599 377 638 ditum
412 611 478 650 par
515 597 671 637 fratrum
702 591 963 633 Rubeniorum

257 653 471 704 Antverpiae
491 651 738 703 opinabatur:
775 647 838 686 sed
859 647 966 684 Mar-

258 722 353 759 syas,
404 716 443 744 ut
491 714 530 744 et
578 703 697 755 Satyri
744 702 966 754 plerumque

258 762 405 801 barbati
452 760 703 811 pingebantur
715 772 725 801 ;
774 755 876 807 quod
921 767 967 791 ex

259 816 459 869 Appuleio,
481 813 717 852 Floridorum
739 809 860 855 initio,
881 808 969 846 licet

257 881 486 922 cognoscere
499 886 509 916 3
565 868 625 904 bic
673 863 850 903 imberbis
897 870 967 901 est.

258 924 422 965 Quidam
442 923 667 971 Sigalionem
695 928 734 958 et
755 920 969 967 Harpocra-

259 985 330 1016 tem
348 977 485 1016 silentii
505 977 610 1014 Deos
637 988 715 1014 non
735 973 881 1011 erudite
901 972 967 1009 ad-

258 1033 411 1070 modum
464 1031 667 1069 somnient.
739 1029 969 1066 Non-nemo

256 1087 452 1138 ἀμφωτίδας
483 1083 654 1136 accipiat,
685 1095 866 1132 auresque
901 1082 969 1118 Sa—

257 1149 424 1192 tyrorum
454 1153 530 1177 non
557 1137 685 1189 capiti,
707 1137 771 1175 sed
802 1136 882 1174 loro
902 1149 970 1173 seu

258 1195 434 1245 capistro.
457 1202 522 1231 aut
541 1202 642 1230 certe
670 1191 819 1229 laminae
840 1189 966 1228 existi-

260 1257 338 1287 met
359 1250 507 1286 liaerere.
554 1247 693 1284 Verum
715 1244 967 1296 Amphotida-

259 1317 340 1340 rum
362 1302 521 1340 vinculis
541 1314 583 1338 os
603 1299 770 1338 obturari
798 1299 968 1336 nondum

259 1356 435 1409 equidem
447 1355 533 1408 legi,
547 1363 585 1393 et
599 1356 854 1404 Linguarium,
869 1353 970 1404 quod

259 1425 280 1449 e
319 1413 462 1448 Seneca
491 1411 556 1448 lib.
584 1411 650 1447 IV.
673 1409 734 1446 De
766 1407 970 1452 beneficiis,

258 1479 291 1503 c.
309 1466 372 1515 36.
394 1464 617 1516 posteriores
639 1465 711 1501 huc
726 1464 901 1510 trahent3
934 1461 971 1499 id

258 1533 330 1572 ego
348 1520 405 1557 M.
428 1521 518 1558 Ant.
539 1517 695 1562 Mureti,
720 1526 759 1555 et
786 1519 826 1556 J.
848 1515 972 1567 Lipsii

259 1573 376 1611 nostri
398 1587 508 1611 sensu
530 1573 644 1624 longe
666 1571 799 1610 melius
815 1571 970 1623 accipio.

257 1628 457 1678 Equidem,
470 1641 562 1678 pace
574 1627 803 1670 doctiorum,
817 1639 970 1677 poenam

257 1695 447 1721 servorum
469 1681 582 1720 fuisse
605 1681 676 1725 aio,
698 1689 736 1719 et
760 1679 969 1718 homicida-

257 1750 338 1775 rum
360 1750 470 1775 camo
486 1735 650 1775 obturari
666 1749 722 1773 os.
755 1735 859 1773 Reos
877 1748 970 1785 quo-

256 1804 329 1841 que
350 1790 537 1829 interdum
562 1791 608 1828 ad
639 1789 864 1841 supplicium
887 1802 971 1840 rap-

258 1853 328 1889 tos,
344 1846 380 1881 τὸ
400 1846 555 1894 σπαρτῖον
574 1847 626 1882 ἐπὶ
647 1849 691 1892 τῷ
711 1845 859 1892 στόματι
879 1842 970 1891 ἕχον-

257 1915 331 1942 τας,
357 1898 558 1937 observavi.
616 1898 717 1936 Illud
743 1897 895 1949 quidem
926 1910 972 1936 ex

259 1952 521 2003 Aristophanis
555 1952 716 1990 Nebulis
745 1953 967 1998 adstrueus3

259 2006 332 2044 hoc
351 2020 439 2044 vero
459 2020 480 2044 e
500 2007 786 2057 Chrysosto1uo,
807 2006 971 2054 (Comici

260 2060 373 2104 illius,
405 2069 447 2100 ut
473 2060 650 2104 creditur,
681 2060 972 2113 diligentissimo

260 2123 469 2166 anagnoste
485 2117 514 2163 :)
558 2123 599 2152 ut
641 2115 736 2153 iufra
771 2128 971 2153 common—

261 2168 475 2206 strabimus.
519 2169 661 2206 Graecis
679 2171 783 2218 καμὸς
800 2172 856 2206 καὶ
876 2170 975 2219 φιμὸς

262 2235 436 2272 equorum
464 2225 661 2272 capistrum
690 2233 759 2267 est,
792 2237 838 2261 ne
870 2236 971 2260 mor-

262 2276 377 2314 deant
405 2287 683 2327 praetereunteS,
712 2286 777 2316 aut
805 2285 973 2328 segetem

262 2330 467 2383 depascant
486 2331 658 2370 alienam.
694 2332 889 2383 Hesychio
905 2337 974 2377 Κη-

261 2386 331 2432 μὸς,
353 2382 429 2427 εἶδος
447 2391 592 2433 χαλινοῦ.
628 2387 847 2438 Xenophon
868 2386 915 2423 de
935 2398 974 2423 re

262 2438 425 2490 equestri
445 2454 452 2475 τ
484 2443 525 2476 ‘O
545 2443 609 2489 ’γὰρ
629 2442 724 2488 κημὸς
744 2445 896 2478 ἀναπνεῖν
915 2439 976 2486 μὲν

262 2496 296 2529 οὐ
323 2495 450 2537 κωλύει,
477 2496 601 2532 δάκνειν
625 2495 657 2531 δὲ
682 2499 734 2532 οὐκ
764 2499 818 2543 ε’ᾅ.
875 2494 974 2532 Illud

263 2547 327 2582 ἀπὸ
346 2552 402 2582 τοῦ
420 2550 583 2595 κάμπτειν
598 2547 837 2592 litteratores,
858 2549 896 2586 id
917 2556 976 2586 est

264 2613 287 2637 a
307 2602 500 2644 domando,
517 2602 697 2640 derivant.
754 2602 852 2640 Pulli
872 2604 973 2640 enim

263 2667 447 2704 equorum
467 2655 640 2693 ferociter
658 2657 888 2694 exsultantes
907 2657 974 2694 do-

265 2707 463 2745 mitoribus
479 2709 575 2746 tradi
595 2710 732 2753 solent,
747 2710 797 2747 ait
817 2711 972 2748 1.Offie.

263 2762 322 2799 M.
343 2761 505 2800 Tullius.
552 2764 652 2810 Φιμός
673 2772 798 2801 autem
820 2765 975 2815 αφιμόω,

265 2817 395 2855 obturo
406 2834 419 2862 ,-
460 2829 571 2867 quam
611 2825 650 2854 et
688 2818 806 2867 ipsam
846 2831 976 2855 vocem
1021 2819 1201 2868 srenabis.

263 2870 392 2908 Latini
412 2871 476 2907 ἀπὸ
495 2872 552 2916 τῆς
570 2873 665 2920 θύρας
694 2871 855 2908 mutuati
877 2873 938 2919 (ut
957 2885 979 2909 a

265 2925 410 2962 Graecis
440 2924 634 2975 pleraque)
661 2937 743 2962 esse
767 2924 976 2963 videantur.

264 2978 440 3016 Hebraeis
464 2987 522 3017 est
543 2978 683 3016 Ezech.
708 2991 742 3017 c.
764 2991 828 3029 39.
857 2993 889 3016 v.
917 2992 977 3017 11.

264 3041 388 3078 norm,
411 3033 512 3084 quod
537 3033 664 3072 LXX.
697 3033 871 3078 reddunt,
890 3049 979 3084 ’περι-

1022 589 1155 636 στόμιον
1185 590 1243 632 τῆς
1278 588 1465 638 φάραγγος,
1500 584 1606 637 quod
1640 582 1741 626 Psal-

1030 656 1115 691 ¹40·
1151 655 1185 680 v.
1214 653 1251 691 3.
1290 642 1424 678 ostium
1461 639 1744 682 circumstantie

1024 699 1129 735 labiis
1151 699 1251 740 meis,
1284 708 1351 746 pro
1377 691 1564 732 custodia.
1620 691 1745 745 Igitur

1024 750 1304 802 mancipiorum
1340 748 1498 800 (quibus
1535 747 1742 790 bestiarum

1024 807 1110 844 loco
1131 804 1299 857 plerique
1327 811 1420 842 sunt
1437 800 1564 851 abusi)
1594 800 1651 843 ori
1678 814 1742 840 ca-

1027 874 1130 898 mum
1145 859 1235 898 obdi
1250 858 1478 902 solitun1‚ne
1490 857 1671 909 loquaces
1684 857 1742 895 ni-

1027 915 1145 953 mium
1163 927 1206 952 ac
1222 912 1350 952 futiles
1365 919 1506 957 essent,
1519 924 1568 952 ex
1583 910 1644 950 hi·
1658 909 1744 950 Ari-

1026 970 1224 1021 stophanis
1250 973 1284 1006 ἐν
1302 968 1460 1020 νεφέλαις
1476 966 1585 1006 disco
1606 966 1739 1018 [592]

1025 1027 1200 1073 Φιμῶσητε
1221 1028 1333 1061 τούτου
1352 1029 1401 1071 τᾷ
1423 1020 1512 1069 ξύλῳ
1529 1021 1585 1059 ‘rou
1602 1021 1745 1070 αὐχένα.

1026 1080 1078 1116 Et
1099 1078 1324 1116 Latinorum
1346 1075 1530 1115 Comicus
1554 1075 1614 1114 M.
1629 1075 1744 1114 Plau·

1027 1142 1087 1172 tus
1109 1133 1273 1170 Casina:
1309 1132 1413 1170 Deos
1438 1143 1572 1181 queso,
1593 1135 1636 1169 κε
1663 1132 1743 1180 qui-

1026 1191 1105 1225 dem
1127 1188 1233 1224 hodie
1247 1199 1391 1224 camum
1411 1191 1447 1223 et
1453 1185 1613 1236 furcam
1618 1183 1744 1236 seros.

1025 1241 1110 1280 Etsi
1147 1254 1271 1279 canem
1305 1239 1480 1278 nonnulli
1516 1239 1746 1292 interpretes

1026 1304 1225 1348 reponant.
1279 1293 1465 1333 Horatius
1484 1294 1660 1333 Sermon.
1679 1294 1745 1333 lib.

1028 1353 1058 1389 1.
1095 1353 1172 1388 Sat.
1202 1363 1259 1389 vi.
1296 1362 1368 1387 ver.
1398 1349 1463 1400 38.
1507 1349 1613 1387 nane
1644 1349 1745 1400 Syri,

1029 1407 1176 1448 Damae,
1208 1410 1274 1442 aut
1311 1405 1471 1454 Dionysi
1494 1404 1604 1455 filius
1632 1405 1748 1443 audes

1030 1459 1201 1508 Deficere
1220 1472 1240 1496 e
1257 1472 1347 1496 saxo
1371 1460 1493 1503 civeis,
1513 1463 1582 1496 aut
1600 1459 1748 1498 eradere

1028 1528 1141 1552 como.
1200 1513 1282 1551 Etsi
1317 1512 1381 1551 ulii
1417 1517 1540 1552 calmo
1576 1525 1646 1564 pro
1681 1525 1746 1552 ca-

1028 1570 1166 1606 thena:
1204 1569 1344 1606 Cadmo
1373 1575 1502 1606 tamen
1538 1574 1668 1606 tuetur
1694 1567 1746 1606 G.

1028 1617 1236 1675 X'ylander,
1254 1631 1296 1661 ut
1313 1631 1352 1661 et
1372 1620 1560 1674 proverbii
1578 1622 1746 1674 speciem

1029 1678 1213 1729 praeferat,
1242 1678 1380 1715 Cadmo
1406 1678 1519 1723 tradi,
1545 1689 1570 1714 a
1596 1676 1747 1715 Cadmo

1027 1733 1224 1771 exsulante
1243 1733 1410 1783 Europae
1427 1731 1642 1783 quaerendae
1660 1744 1747 1784 gra-

1029 1787 1081 1825 tia
1095 1805 1105 1834 5
1139 1787 1187 1824 de
1212 1786 1255 1824 iis
1275 1786 1338 1837 qui
1368 1785 1492 1824 solum
1513 1793 1658 1824 vertere
1685 1798 1746 1825 so-

1028 1841 1088 1880 cio
1107 1840 1237 1879 addito
1257 1848 1457 1893 coguntur.
1487 1841 1665 1879 Utuntur
1682 1853 1747 1878 au·

1029 1904 1105 1934 tem
1139 1896 1244 1933 Comi
1273 1896 1442 1940 notione*
1460 1902 1501 1933 et
1527 1895 1652 1933 Sscrae
1682 1893 1747 1933 lit-

1028 1959 1117 1988 terae
1135 1962 1161 1998 4
1181 1950 1277 2002 Reg.
1294 1963 1327 1987 c.
1349 1961 1409 2000 19.
1431 1962 1462 1987 v.
1481 1949 1542 1987 28.
1566 1949 1746 1988 Proverb.

1027 2017 1060 2043 c.
1085 2004 1147 2042 26.
1171 2017 1203 2041 v.
1225 2016 1261 2053 3.
1297 2012 1336 2041 et
1361 2003 1514 2041 Psalmo
1534 2015 1599 2054 31.
1628 2004 1746 2042 inter-

1030 2071 1115 2110 pres
1145 2065 1252 2095 vetus
1280 2058 1416 2096 Graeoa
1453 2066 1604 2096 retenta
1634 2070 1742 2096 voce:

1031 2114 1076 2150 In
1105 2125 1209 2150 como
1230 2118 1267 2149 et
1283 2111 1400 2162 freno
1421 2113 1595 2150 maxillas
1621 2124 1747 2150 eorum

1029 2168 1247 2215 constringe.
1305 2167 1366 2204 De
1386 2171 1479 2216 φιμῷ
1499 2179 1601 2204 nunc
1621 2165 1748 2204 videa-

1031 2234 1127 2259 mus.
1177 2220 1283 2258 Isaiae
1302 2234 1335 2258 c.
1356 2231 1420 2270 37.
1442 2234 1474 2258 ν.
1499 2233 1562 2271 29.
1583 2222 1748 2269 Ἐμβαλῶ

1029 2276 1128 2327 φιμὸν
1147 2279 1191 2318 εἷς
1218 2276 1277 2320 τὴν
1296 2278 1368 2325 ῥῖνά
1387 2292 1456 2320 σου,
1475 2276 1533 2312 καὶ
1551 2276 1687 2323 χαλινὸν
1705 2279 1750 2319 εἷς

1029 2334 1077 2366 τὰ
1097 2332 1195 2378 χείλη
1214 2345 1284 2366 σου.
1337 2329 1490 2380 Vulgat.
1514 2331 1658 2368 Ponam
1676 2331 1748 2367 cir-

1030 2385 1152 2422 culum
1172 2385 1210 2420 in
1229 2385 1379 2421 naribus
1410 2386 1493 2421 tuis.
1543 2383 1692 2423 Eccles.
1713 2397 1747 2422 c.

1034 2451 1095 2476 20.
1117 2452 1149 2475 v.
1175 2450 1237 2488 29.
1254 2442 1294 2482 ὡς
1311 2439 1412 2488 φιμός
1430 2442 1463 2476 ἐν
1481 2439 1643 2487 στίματι.
1699 2439 1750 2476 Ut

1032 2495 1231 2542 capistrum
1261 2494 1297 2530 in
1326 2505 1400 2531 ore.
1459 2492 1573 2543 Vulg.
1603 2499 1748 2539 tamen,

1031 2549 1136 2598 quasi
1164 2552 1288 2584 mutus
1308 2548 1346 2584 in
1365 2559 1438 2584 ore.
1480 2547 1692 2596 Deuteron.
1714 2559 1748 2585 c.

1034 2615 1054 2639 2
1060 2614 1097 2652 5.
1111 2616 1142 2638 v.
1154 2614 1193 2650 4.
1204 2606 1281 2639 Βοῦν
1294 2605 1447 2638 ἀλοῦντα
1458 2605 1494 2638 οὗ
1501 2597 1676 2652 «paudum.
1697 2601 1751 2639 Et

1031 2657 1120 2694 hinc
1140 2657 1186 2693 B.
1208 2655 1348 2694 Paulus
1370 2668 1384 2693 1
1405 2655 1452 2693 ad
1466 2654 1641 2693 Timoth.
1661 2667 1695 2693 e.
1713 2665 1749 2705 5.

1032 2711 1117 2748 Non
1137 2711 1334 2753 obturabis,
1354 2709 1494 2761 inquit,
1514 2722 1553 2747 os
1573 2710 1655 2747 bovi
1682 2710 1751 2746 tri-

1034 2766 1186 2802 taranti.
1238 2765 1284 2802 B.
1304 2763 1551 2802 Ambrosius:
1585 2765 1672 2803 Non
1691 2765 1750 2801 in-

1261 2819 1455 2856 Adhibent
1476 2825 1516 2856 et
1542 2813 1750 2869 Evangeli-

1034 2881 1114 2915 stae,
1137 2872 1253 2910 Lucae
1272 2885 1306 2910 c.
1327 2885 1364 2921 4.
1386 2882 1425 2910 et
1446 2871 1571 2910 Marci
1596 2884 1632 2910 1.
1652 2879 1692 2909 et
1710 2883 1749 2920 4.

1034 2939 1145 2976 capp.
1165 2928 1352 2976 πεφίμωσο,
1370 2928 1586 2971 obmutesce,
1603 2933 1681 2964 ’ton‘
1694 2938 1751 2965 80·

1035 2993 1097 3017 cus
1116 2993 1161 3016 ac
1181 2981 1315 3016 habens
1334 2993 1370 3017 os
1391 2994 1494 3018 camo
1514 2982 1751 3019 obstructum.

1035 3032 1193 3071 Externi
1224 3047 1376 3084 quoque
1406 3035 1608 3086 scriptores
1641 3046 1752 3074 usur-
