1800 3250
506 204 793 247 ANDREAE
808 264 810 266 ‚
827 205 1126 247 SCHOTTI.
1494 205 1566 247 xiii

0 321 5 344 ἶ
44 378 50 383 .
78 321 315 388 originem
339 321 412 368 M.
428 304 611 369 Fabius
634 323 818 369 retulit.
865 322 1013 369 Sacra
1030 338 1142 369 vero
1160 321 1393 383 paroemia
1410 323 1565 369 eidem

78 399 264 447 Basilio
302 399 546 455 definitur,
582 397 704 463 λόγος
740 398 949 461 ὠφέλιμος
985 397 1078 461 μετ’
1112 398 1357 462 ἐπικρύψεως
1395 398 1567 462 μετρίας

78 475 344 538 ἔκδεδόμενος,
366 476 471 524 πολὺ
501 478 576 538 μὲν
599 476 645 524 τό
668 476 831 525 αὗτὸθεν
856 478 1059 541 χρήσιμον
1091 476 1298 541 περιέχων,
1333 476 1489 534 πολλὴν
1523 477 1566 524 δὲ

76 553 147 602 καὶ
164 554 203 603 ε’»
217 559 275 620 τῷ
298 557 416 609 βάθει
441 554 512 611 τὴν
529 555 699 602 διάνοιαν
717 555 1025 617 συγκαλύπτων.
1062 554 1236 603 Sermo
1253 553 1390 602 utilis
1406 554 1567 603 mode-

76 634 193 677 rata
214 644 323 677 cum
346 628 643 678 obscuritate
661 629 837 686 editus,
853 629 1054 678 multum
1073 629 1267 695 quidem
1278 647 1380 695 per
1395 647 1449 678 se
1472 631 1568 678 uti-

75 704 234 754 litatis
261 706 527 764 continens,
549 706 754 755 multum
778 725 892 756 vero
922 708 1068 756 etiam
1093 707 1144 755 in
1169 724 1363 756 recessu
1387 707 1567 756 intelli-

68 783 257 848 gentioe
289 783 571 832 recondens.
641 787 717 833 De
741 804 838 848 qua
860 788 983 834 nihil
1007 788 1227 849 equidem
1263 788 1315 834 in
1351 804 1564 849 praesens

75 877 236 926 agam,
260 863 343 908 sed
365 864 591 909 lectorem
615 865 677 910 ad
708 864 1078 911 Proverbiorum
1112 865 1381 912 Salomonis
1417 865 1562 911 inter-

74 946 234 1001 pretes
267 939 450 1000 priscos
474 948 783 1003 recentesque
806 945 976 1005 allego,
1001 950 1057 989 ut
1080 945 1142 989 ad
1166 943 1399 990 Catenam
1425 942 1563 989 Grae·

75 1033 241 1064 corum
276 1017 480 1064 Patrum
507 1019 692 1066 Theod.
719 1020 921 1066 Peltano
952 1020 1230 1081 interprete,
1262 1021 1394 1082 typis
1430 1021 1562 1067 brevi

75 1096 337 1152 edendam3
373 1112 579 1157 quaeque
614 1098 817 1158 copiose,
842 1104 897 1144 ut
920 1099 1097 1154 omnia,
1120 1098 1271 1159 Alph.
1297 1099 1563 1154 Salmeron,

74 1173 316 1220 societatis
330 1181 507 1220 nostrae
516 1175 676 1238 insign
681 1176 721 1222 is
731 1177 1000 1239 theologus,
1008 1178 1068 1222 ad
1078 1176 1398 1241 Evangelicas
1415 1178 1562 1224 Para-

0 1253 8 1301 }
76 1249 208 1297 bolus
227 1257 359 1298 tomo
376 1251 496 1299 VII.
519 1253 761 1308 disseruit,
780 1260 828 1300 et
846 1270 1001 1314 nuper
1026 1255 1174 1301 Mart.
1196 1255 1362 1302 Delrio
1380 1257 1561 1318 collega

0 1325 6 1383 ῗ
74 1330 316 1389 quondam
335 1336 384 1375 et
398 1330 530 1385 civis,
546 1331 599 1376 in
607 1331 866 1394 Adagialia
881 1348 1031 1387 sacra,
1047 1339 1203 1393 coepta
1217 1333 1294 1380 edi
1313 1333 1562 1396 Lugduni,

0 1390 11 1476 Ξ
74 1423 172 1468 quo
186 1413 400 1469 tempore
413 1409 519 1456 haec
535 1409 815 1456 Graecorum
833 1410 1096 1457 Proverbia
1110 1411 1379 1458 Latinitate
1394 1419 1443 1458 et
1457 1415 1562 1460 luce

0 1488 13 1540 Ξ
74 1486 312 1533 donabam
333 1501 347 1542 ;
383 1488 536 1548 ipsius
560 1489 688 1534 enim
722 1491 925 1535 alterum
960 1490 1236 1550 propediem
1262 1496 1448 1537 tomum
1481 1508 1563 1538 ex-

0 1555 3 1574 ³
73 1570 358 1624 spectamus.
413 1565 634 1612 Clemens
675 1574 836 1613 autem
879 1568 1256 1623 Alexandrinus,
1290 1569 1562 1616 Stromateo

73 1647 209 1688 sexto
236 1642 307 1704 [p.
325 1646 422 1694 287
438 1668 481 1686 =
496 1642 655 1704 804.]‚
681 1646 757 1702 (ut
782 1650 828 1690 et
852 1646 885 1691 J
888 1646 1078 1691 ustinus
1105 1646 1299 1706 Martyr
1316 1662 1371 1692 ac
1397 1647 1562 1694 Philo-

0 1702 4 1717 ἶ
71 1719 268 1779 sophus,
291 1720 392 1766 sive
414 1721 524 1781 quis
557 1722 680 1768 alius
716 1728 884 1768 auctor
907 1730 979 1769 est
1003 1722 1342 1776 Quaestionum
1377 1740 1433 1770 ac
1468 1725 1564 1772 Re-

69 1797 396 1856 sponsionum,
433 1798 618 1852 Quaest.
652 1803 766 1861 Lx,)
793 1798 1094 1862 parabolam
1129 1817 1231 1847 esse
1272 1803 1342 1848 ait
1382 1802 1563 1849 oratio-

0 1921 5 1924 ,
68 1887 176 1920 nem
199 1872 264 1920 ab
295 1873 582 1939 improprio,
606 1875 700 1924 sed
728 1876 865 1940 quod
877 1876 1085 1941 proprii
1115 1893 1175 1924 ac
1199 1877 1306 1925 veri
1333 1877 1561 1926 similitu-

65 1948 230 1998 dinem
242 1967 361 2016 proe
386 1954 622 2018 sejerat,
647 1954 720 2002 ad
747 1954 806 2002 id
832 1955 969 2019 quod
1000 1971 1168 2002 verum
1201 1972 1262 2003 ac
1289 1957 1558 2021 proprium

64 2033 153 2085 est,
176 2027 525 2093 intelligentem
548 2031 808 2080 deducens.
867 2035 988 2089 Quae
1013 2036 1271 2097 descriptio
1286 2037 1446 2083 verius
1470 2045 1559 2092 est,

4 2140 6 2143 »
66 2113 115 2153 et
148 2103 359 2171 'apologo
398 2110 544 2156 etiam
592 2113 857 2159 conveniat.
926 2114 1084 2160 Addit
1131 2115 1259 2161 idem
1299 2130 1333 2160 α
1368 2107 1559 2162 'barba-

68 2182 176 2233 rica
200 2184 534 2251 philosophia,
558 2190 650 2236 hoc
672 2197 745 2236 est
777 2192 1016 2247 HebraeiS,
1048 2190 1324 2254 prophetice
1350 2192 1560 2256 speciem

0 2313 2 2328 ζ
72 2261 252 2324 subjici
261 2263 576 2327 paroemiam,
601 2265 811 2331 itemque
831 2267 1132 2332 parabolam
1155 2275 1304 2332 atque
1325 2269 1559 2333 (enigma.

0 2333 3 2371 3
75 2340 232 2389 Graeci
266 2358 377 2389 vero
405 2343 615 2404 primum
646 2345 881 2393 Hebraeos
910 2346 1190 2403 Barbaros,
1221 2354 1277 2394 ut
1308 2349 1402 2404 hic,
1438 2357 1561 2395 cete-

0 2407 3 2459 Ῐ
75 2434 248 2480 rasque
283 2422 401 2467 adeo
437 2429 604 2484 gentes
633 2424 975 2481 nominarunt3
1013 2433 1069 2471 ut
1097 2425 1335 2478 AmeliuS‚
1375 2426 1558 2474 Plotini

0 2510 11 2533 ‘s
74 2498 280 2553 auditor,
314 2499 629 2559 philosophus
672 2501 965 2558 Platonicus,
997 2503 1233 2549 Joannem
1273 2503 1560 2567 Evangelis-

75 2580 174 2620 tam
193 2588 204 2620 :
229 2578 358 2635 quod
381 2577 685 2624 observatum
708 2594 734 2625 e
759 2580 932 2641 Cyrilli
950 2582 1032 2628 lib.
1053 2582 1197 2628 VIII.
1216 2590 1384 2628 contra
1403 2583 1559 2629 Julia-

0 2650 14 2708 {LJ
74 2668 193 2699 num
215 2655 475 2717 παραβάτην,
499 2661 547 2701 et
571 2656 782 2718 Origene
805 2657 887 2704 lib.
917 2666 1084 2705 contra
1113 2660 1322 2715 Celsum,
1353 2668 1402 2706 et
1433 2661 1561 2707 Iam-

76 2729 249 2785 blicho,
295 2747 324 2777 a
369 2733 519 2779 Junio
559 2734 641 2780 lib.
679 2734 770 2781 IV.
807 2735 1287 2792 Auimadversorum,
1329 2754 1432 2799 cap.
1478 2744 1558 2785 25.

0 2822 5 2853 ῑ.
77 2806 195 2854 Post
229 2808 376 2855 etiam
412 2810 607 2857 Graecos
642 2811 772 2871 ipsos
805 2814 929 2860 bello
963 2816 1113 2862 victos
1150 2817 1359 2863 Romani
1394 2834 1554 2864 rerum

0 2894 2 2953 ᾗ
75 2899 265 2932 summa
295 2887 453 2946 potiti,
488 2895 682 2936 auctore
714 2890 823 2937 Sex.
856 2892 1101 2953 Pompeio,
1125 2892 1394 2941 Barbaros
1417 2898 1557 2955 pleno

0 2982 2 2984 ’
77 2977 159 3008 ore
198 2966 514 3023 appellarunt.
586 2967 727 3020 Quod
763 2975 924 3015 autem
960 2971 1128 3018 doctus
1169 2973 1420 3035 theologus
1451 2973 1557 3018 Cle-
