1852 3308
819 228 1189 271 PROVERBIA

253 231 340 286 326
1597 230 1742 275 Cssn'r.

186 355 240 397 68
323 347 618 393 tKnoda—zpoz
655 346 736 392 To‘i·
767 343 1032 392 'remmior
1064 343 1293 392 ΑιΜέΝοΣε
1332 345 1468 406 Λιμῆν
1502 344 1593 392 ἔστι
1622 342 1797 409 “περῖΑ

254 423 431 488 Τορώνην
453 429 528 482 τῆς
559 421 739 488 Θρᾴκης·
777 421 924 475 στενὰς
960 422 1001 468 δὲ
1031 420 1120 485 ἔχει
1154 421 1220 469 ’δύο
1253 422 1417 486 μακρὰς
1451 422 1528 476 τὰς
1561 420 1641 470 ἀπὸ
1675 426 1745 470 τοῦ

254 503 459 565 πελάγους
492 502 759 565 τ’κοιτοίρσεις,
794 500 844 553 ὦς
877 500 938 561 μη
975 498 1189 547 ἀκούεσθαι
1224 505 1310 552 τοῖς
1352 499 1390 547 ἒν
1426 498 1532 565 αὐτῷ
1569 497 1636 546 τόν
1671 505 1746 558 τῆς

257 581 465 637 θαλάττης
490 577 603 641 Ῐῆχον.

186 673 242 726 69
326 655 605 704 meanor
630 656 824 703 zain-02:
861 653 1078 719 Παροιμία
1102 651 1168 702 ἐπὶ
1197 659 1284 708 τοῖς
1315 653 1608 722 ὖπερβαλοῦσῃ
1629 676 1748 714 πονη-

254 733 322 799 ρίᾳ
347 734 613 798 κεχρημένοις
635 733 878 796 ταττομένη.
950 732 1253 791 Μετενῆνεκται
1286 731 1328 779 δὲ
1364 731 1442 780 ἀπὸ
1476 737 1794 797 πορνοβοσκοῧΒ

255 810 362 865 τινος
389 811 628 875 Κρωβύλου,
653 811 819 876 ἑταίρας
844 810 1099 873 κτησαμένου
1128 810 1209 866 δύο,
1233 810 1284 864 ὥς
1312 810 1373 873 μη
1405 809 1520 874 μόνον
1551 809 1617 860 ἐπὶ
1650 810 1750 859 ταῦ-

256 913 352 944 ταις
385 890 564 945 πολλοὺς
598 897 673 938 τῶν
709 890 797 937 νέων
832 889 1117 953 λυμαίνεσθαι,
1141 890 1258 938 ἀλλὰ
1294 888 1363 937 καὶ
1399 890 1441 947 ἔξ
1475 887 1524 939 ὗν
1556 890 1749 941 ἔκλεπτεν

257 967 510 1030 ἐλυμαίνετο.
580 968 688 1022 Τοὺς
728 966 791 1016 οἶν
830 967 942 1021 ἴσους
982 973 1035 1034 τῇ
1077 964 1224 1015 ε’κείνου
1260 967 1424 1033 πονηρίᾳ
1461 968 1512 1022 ὦς
1558 969 1748 1017 δύνασθαι

258 1051 524 1110 συζευχθῆναι
558 1045 667 1112 αὐτῷ
692 1044 933 1094 ΚΡαΒῦΑοτ
955 1047 1154 1093 '‘zui-roz
1177 1043 1332 1109 ἔλεγον.

258 1124 323 1173 δύο
348 1125 425 1178 τὰς
450 1123 630 1189 ἑταίρας.

257 1295 388 1321 avaros
417 1281 736 1334 impudentesque
758 1285 972 1333 Jactatum:

258 1345 298 1375 et
332 1335 468 1374 Suidas
507 1336 693 1374 sollemne
732 1335 825 1374 illud
864 1349 975 1373 suum

259 1399 392 1434 servat,
415 1398 457 1428 ut
478 1389 610 1428 veteris
632 1389 790 1442 aliquus
818 1390 976 1441 scripto-

259 1445 310 1483 ris
339 1445 464 1490 verba,
491 1444 609 1482 tacito
638 1452 768 1482 tamen
799 1447 879 1496 ejus
910 1457 977 1481 no-

259 1498 376 1542 mine,
411 1498 613 1543 adscribat,
650 1506 831 1549 praeterea
868 1497 976 1535 nihil.

259 1554 384 1591 Affine
431 1560 558 1590 autem
617 1552 703 1590 huic
753 1551 978 1603 Vespasiani

261 1609 361 1659 Aug.
386 1606 477 1644 illud
508 1607 554 1644 ad
579 1607 740 1644 Titum:
774 1607 888 1644 Lucri
918 1608 978 1644 bo-

263 1675 333 1700 nus
351 1667 404 1699 est
424 1663 514 1699 odor
533 1674 577 1698 ex
597 1674 636 1698 re
657 1661 841 1705 Qualibet,
864 1674 884 1699 a
913 1662 980 1698 Sa-

264 1717 385 1768 tyrico
432 1714 547 1753 etiam
595 1715 771 1753 Juvenali
822 1715 980 1753 relatum

266 1771 343 1808 Sat.
371 1770 481 1808 XIV.
505 1782 579 1807 ver.
604 1781 695 1818 204.
724 1778 859 1808 contra
888 1769 981 1808 illud

265 1824 531 1862 Hesiodeum:
578 1825 636 1869 Μὴ
673 1827 766 1862 κακὰ
798 1826 981 1874 κερδαίνειν·

263 1882 355 1916 κακὰ
382 1880 498 1929 κέρδεα
525 1875 571 1915 ἷσ’
593 1875 727 1928 ἄτῃσιν.
790 1878 981 1916 Plutarch.

264 1932 330 1971 lib.
360 1933 421 1971 De
450 1931 648 1970 audiendis
680 1932 820 1977 Poetis,
853 1933 910 1983 [p.
932 1945 976 1971 21

263 1988 330 2037 A.]
361 1995 485 2038 poetae
505 1986 652 2030 veteris,
682 1986 749 2024 sed
778 1987 911 2033 ἀδήλου,
941 1987 980 2025 in

263 2042 362 2079 hanc
392 2040 621 2079 sententiam
649 2053 778 2078 versus
807 2040 911 2085 citat,
944 2050 985 2079 et

265 2095 466 2146 Sophoclis
514 2094 633 2132 illud:
688 2096 732 2131 Τὸ
774 2096 877 2144 κέρδος
913 2096 983 2140 ἡδὺ,

263 2148 337 2196 κ’ᾅν
356 2150 420 2186 ἀπὸ
439 2151 565 2194 ψευδῶν
582 2147 629 2197 ἔῃ.
688 2148 742 2185 Et
771 2147 864 2185 Julii
898 2148 982 2186 Cae-

264 2202 357 2240 saris
377 2202 469 2239 illud
490 2217 498 2239 :
533 2202 576 2238 Si
592 2202 805 2239 violandum
831 2208 884 2240 est
901 2202 981 2250 jus,

266 2258 447 2306 regnandi
475 2268 586 2293 causa
616 2257 842 2295 violandum.
900 2257 982 2295 De-

265 2309 379 2361 nique
406 2309 654 2360 Euripideum
675 2310 748 2348 hoc
767 2308 806 2347 in
828 2311 981 2362 Hippo-

264 2364 344 2415 lyto
382 2371 566 2402 coronato
609 2363 741 2413 [612.]
775 2368 820 2401 ‘H
850 2370 980 2414 ‘ymera-⁸

263 2421 419 2466 ὄμῶμοχ’,
482 2419 502 2464 ἦ
567 2417 599 2455 δὲ
667 2419 750 2468 φρὴν
809 2421 981 2467 ἀνώμοτος.

266 2473 493 2510 SCHOTT.

319 2530 333 2554 t
354 2527 558 2577 Κωφὸτερον]
595 2528 729 2566 Refert
767 2535 806 2565 et
845 2527 982 2565 Suidas

265 2588 470 2630 utrumque
508 2583 761 2631 proverbium,
797 2582 984 2632 Κωφότερος

264 2636 393 2682 κίχλης,
428 2641 466 2671 et
501 2635 688 2685 Κωφότερος
719 2640 776 2672 τοῦ
810 2640 984 2685 Τορωναίου

265 2688 412 2736 λιμένοςε
455 2688 519 2725 sed
550 2687 734 2739 interpres
767 2690 983 2727 Germanus

267 2741 530 2793 permiscendo
550 2741 725 2780 turbavit.
785 2742 917 2780 Simile
937 2744 984 2782 de

266 2795 349 2834 Nili
364 2795 561 2846 catadupis
580 2808 646 2833 seu
663 2796 905 2833 catarrhactis
926 2810 983 2834 re-

266 2850 340 2888 fert
360 2849 397 2887 in
419 2849 570 2887 somnio
600 2848 792 2900 Scipionis
811 2851 869 2887 M.
890 2851 983 2887 Tul-

267 2903 355 2948 lius,
377 2903 523 2941 accolas
542 2901 623 2952 ejus
650 2903 777 2941 sonitu
797 2904 983 2941 obsurdu-

268 2958 354 2995 isse.
397 2956 521 2995 Vatic.
555 2965 684 2995 autem
715 2957 877 3008 amplius
909 2958 982 2996 hoc

267 3011 352 3049 loco
370 3027 378 3049 :
412 3014 515 3062 Παρὰ
532 3014 669 3062 Τορώνην
689 3014 745 3058 τῆς
767 3014 898 3063 Θράκης
915 3028 980 3050 κα-

1402 1049 1467 1094 “Η
1492 1047 1559 1095 διὰ
1581 1045 1627 1096 τό
1650 1044 1748 1096 εἶναι

1034 1285 1145 1318 λεῖται
1165 1283 1214 1325 τὶς
1231 1283 1338 1333 κωφὸς
1356 1283 1467 1330 λιμήν.
1524 1282 1660 1334 Εἴρηται
1675 1282 1710 1322 δὲ
1729 1284 1749 1330 ἦ

1031 1337 1190 1384 παροιμία
1223 1341 1299 1387 παρ’
1329 1337 1401 1375 ὅσον
1432 1340 1447 1375 ὅ
1477 1342 1510 1375 ἐν
1538 1341 1660 1389 Τορῶνῃ
1693 1340 1752 1384 τῆς

1034 1391 1168 1438 Θράκης
1187 1391 1296 1439 λιμῆν.
1355 1394 1479 1435 Στενὰς
1497 1392 1544 1436 δὲ,
1565 1399 1639 1430 etc.
1696 1392 1751 1430 Et

1033 1442 1163 1481 statim
1198 1448 1378 1496 κατάρσεις
1408 1459 1476 1496 pro
1505 1448 1748 1496 καταρρεῦσεις,

1033 1496 1100 1534 sed
1123 1511 1199 1535 non
1228 1499 1366 1550 placet.
1397 1500 1627 1540 SCHOTT.
1678 1506 1750 1539 Ker-

1033 1551 1166 1602 φότερος
1186 1553 1240 1591 Η.

1093 1610 1109 1627 “
1130 1609 1183 1644 ἐπὶ
1201 1608 1341 1657 Τορῶνῃ]
1364 1609 1433 1657 περὶ
1450 1610 1589 1658 Τορύνην
1607 1609 1651 1646 Ρ.
1668 1609 1722 1647 Η.

1093 1666 1111 1686 V
1126 1662 1377 1711 καταρρεύσεις]
1403 1666 1584 1712 κατάρσεις
1602 1662 1650 1702 Β.
1663 1676 1751 1702 cum

1038 1714 1189 1753 Schotti
1213 1716 1410 1754 Vaticano.
1439 1717 1647 1766 καθαιρέσεις
1662 1717 1753 1756 Plu-

1038 1769 1157 1808 tarch.
1186 1783 1223 1808 n.
1245 1782 1311 1820 9¹·
1367 1770 1512 1809 Totum
1542 1770 1668 1810 locum
1697 1771 1754 1811 sic

1039 1823 1192 1875 refingit
1233 1824 1547 1863 Hemsterhusius
1584 1825 1633 1864 ad
1671 1826 1752 1864 Lu-

1038 1877 1138 1916 ciani
1156 1878 1309 1916 Timon.
1329 1879 1377 1917 T.
1398 1879 1429 1917 1.
1450 1893 1487 1932 p.
1515 1880 1602 1930 ¹67.
1626 1883 1755 1925 ταινίας

1038 1934 1070 1971 δὲ
1091 1932 1163 1980 ἔχει
1180 1935 1231 1971 δύο
1249 1936 1381 1983 μακρὰς
1397 1937 1460 1977 τὰς
1478 1935 1545 1972 ἀπὸ
1565 1939 1621 1972 τοῦ
1645 1938 1752 1973 κελά-

1036 2004 1111 2036 γους
1128 1989 1363 2037 καταιρούσας,
1380 1988 1436 2026 vel
1455 1990 1675 2035 καθηκούσας,
1694 1988 1755 2027 vel

1039 2040 1166 2092 potius
1211 2045 1485 2085 κατατεινοῦσας.
1561 2043 1624 2080 De
1663 2055 1755 2081 voce

1037 2097 1219 2144 κατάρσεις
1264 2094 1336 2133 vid.
1386 2096 1654 2147 Wytoenbach.
1707 2096 1755 2134 ad

1038 2149 1230 2186 Plutarch.
1260 2162 1299 2198 p.
1334 2150 1407 2188 162
1437 2150 1483 2187 A.
1550 2150 1646 2188 Mox
1683 2153 1756 2194 τοὺς

1039 2202 1126 2240 edd:
1250 2238 1254 2242 .

1093 2263 1124 2283 W
1158 2257 1338 2307 Κροβιίλου]
1380 2259 1540 2307 Κροβόζου
1569 2258 1608 2297 in
1639 2259 1755 2297 Suida

1038 2318 1261 2348 constanter
1290 2311 1407 2363 legas,
1447 2311 1519 2350 nisi
1553 2325 1754 2364 operarum

1039 2368 1194 2414 σφάλμα
1222 2372 1294 2410 est,
1328 2365 1674 2418 interpretaturque
1706 2367 1754 2406 ad

1040 2419 1217 2456 eumdem
1245 2433 1365 2471 prope
1393 2421 1566 2465 modum,
1595 2421 1643 2460 de
1672 2433 1755 2460 sce-

1040 2473 1115 2511 lere
1136 2472 1249 2511 nimis
1269 2482 1371 2512 arcte
1390 2474 1619 2526 conjunctis.
1676 2476 1755 2513 Va-

1039 2527 1178 2565 ticanae
1198 2540 1284 2566 vero
1306 2528 1537 2566 membranae
1556 2531 1754 2579 Κροβόλλου,

1038 2580 1233 2632 geminata
1262 2589 1307 2619 λλ
1333 2581 1552 2632 praeferunt‚
1575 2583 1670 2622 adeo
1690 2596 1754 2621 va-

1039 2634 1176 2673 riatum
1206 2649 1305 2686 saepe
1330 2635 1368 2673 in
1396 2636 1558 2689 propriis
1589 2637 1752 2675 nomini·-

1040 2690 1125 2728 bus.
1183 2689 1375 2740 Additque
1394 2689 1495 2729 idem
1512 2691 1632 2730 codex
1648 2706 1656 2729 ε
1677 2693 1755 2729 Ἐπὶ

1039 2748 1103 2781 τῶν
1133 2746 1384 2794 ὑπερβαλλούσῃ
1413 2748 1544 2796 πονηρία
1574 2746 1754 2795 χρωμένων.

1039 2798 1223 2847 Κρόβυλλος
1239 2800 1304 2848 γὰρ
1324 2799 1457 2848 ἑταίρας
1475 2802 1527 2837 δύο
1551 2802 1758 2848 κτησάμενος

1038 2853 1174 2894 πολλοὺς
1193 2856 1255 2888 τῶν
1273 2852 1347 2889 νέων
1366 2854 1406 2890 δι’
1418 2857 1527 2890 αὐτῢν
1546 2857 1753 2901 ἐλυμαίνετο.

1040 2905 1271 2944 SCHOTT.
1303 2908 1478 2955 Κρωβύλου
1492 2907 1539 2946 Β.
1552 2920 1639 2946 cum
1653 2907 1754 2946 Pho-

1037 2959 1092 2997 tio
1113 2967 1152 2995 et
1173 2959 1379 3010 Hesychio.

1091 3020 1113 3040 Χ
1132 3013 1250 3064 ζυγὸς]
1268 3017 1379 3063 ζεῦγος
1398 3014 1440 3052 P·
