1852 3308
568 270 609 322 Ὲ
642 278 783 322 COD.
814 279 1209 323 BODLEIANO.
1554 297 1568 326 1
1577 297 1631 340 03

28 408 31 411 ’
63 423 70 450 4
138 391 376 443 ἔκολᾶκενον
396 391 490 447 τοὺς
509 394 711 459 γεωργοὺς
733 394 973 459 βουλόμενοι
1001 395 1094 462 παρ’
1117 395 1245 445 αὐτῶν
1272 402 1380 445 σῦκα
1402 400 1680 461 λαμβάνεινᾼ

140 470 197 519 τὶ
216 469 394 537 πρῦῑμα·
431 472 641 532 οἰωνίζοντο
663 475 745 540 γὰρ
767 473 904 528 αὖτοῖς
928 473 998 522 καὶ
1019 476 1145 523 πάλιν
1168 475 1294 524 ἐλθεῖν
1317 476 1376 530 εἷς
1398 476 1453 524 τὰ
1476 477 1615 525 νέωτα.

19 549 132 604 840
207 549 487 599 Σικαιιίιᾼιε
526 550 630 600 Ἐπὶ
666 558 738 601 τοῦ
774 552 1080 616 ἄσχημονῆσαι·
1116 552 1196 602 ἀπὸ
1237 553 1402 619 ἑταίρας
1442 553 1549 609 τινός
1589 556 1636 604 ἔκ

141 626 366 688 'Such-115.

20 713 125 770 ’841
205 707 418 756 ’ΣκίὌΒΣ
453 705 541 755 ΤόΝ
579 708 729 757 ὅκοητ
769 708 869 756 Ἐπὶ
892 715 969 757 τῶν
991 708 1101 775 λόγῳ
1132 709 1209 771 μὲν
1230 710 1510 773 ἄκκιζομένων,
1534 710 1635 778 ἔργῳ

119 784 185 834 ’δὲ
219 785 449 850 ἐφιεμένων.
521 786 631 834 Ἷὸὦν
662 789 742 852 γάρ
778 810 843 840 τις
874 785 1003 852 νεκρόν
1030 785 1125 845 ὄνον,
1160 786 1258 849 ἔφη,
1286 787 1458 836 Δεῖπνόν
1491 811 1571 846 τοι,
1605 785 1681 847 313

140 864 293 913 Σκῦθα.
363 869 419 912 Ὀ
449 865 491 913 δὲ
525 865 775 923 ἔβὸελῦξατο
808 871 971 929 πρῶτον·
999 862 1113 919 αὖθις
1148 865 1191 914 δὲ
1220 868 1635 931 πολυπραγμονήσας,

139 940 231 1008 περὶ
253 940 372 990 drzu
394 942 583 992 ἐπονεῖτο.

0 1015 18 1098 ἱ
41 1032 129 1086 842
208 1021 443 1072 *Σιίκωε
459 1037 475 1070 2
510 1023 701 1086 Λάχανον
734 1021 884 1086 ἄγριον,
913 1019 1007 1086 παρ’
1041 1020 1062 1069 ’ὂ
1096 1020 1167 1069 καὶ
1204 1023 1528 1083 σκανὸικοπῶλην
1567 1023 1635 1072 τόν

141 1098 360 1165 Εὖρηῖῧην
382 1099 536 1165 ἔλεγον,
558 1099 610 1154 ὦς
633 1099 1024 1165 λαχανοπωλητρίας
1047 1097 1140 1147 υἷᾶν.

0 1162 13 1244 }
41 1184 126 1244 843
207 1176 425 1228 ι’Σιϊοίὶκ
461 1177 661 1228 liminis:
700 1177 803 1226 Ἐπὶ
833 1184 908 1227 τῶν
943 1178 1211 1243 ἐρημουμένων
1246 1178 1324 1227 ὖπὸ
1352 1202 1476 1229 τινων.
1546 1180 1676 1234 Καῖο

138 1256 196 1306 r&
216 1255 439 1323 ἔρημὸτερᾶ
459 1270 570 1319 φασι
592 1261 667 1316 τῆς
690 1255 865 1310 Σκυθίας
888 1254 1058 1322 ἐρημίας·
1080 1252 1194 1304 εἶναι.

193 1448 288 1498 840.
307 1448 399 1487 Vat.
418 1449 494 1487 111.
515 1448 578 1499 78.

193 1511 217 1543 y
254 1504 413 1552 Σινόης]
458 1503 519 1541 De
552 1503 694 1555 Sinope
731 1511 857 1542 scorto

139 1557 260 1596 nobili
281 1557 489 1597 Athenaeus
518 1557 584 1597 lib.
604 1558 695 1596 XV.
720 1558 855 1608 [XIII.

138 1624 180 1664 p.
200 1612 282 1663 586
299 1612 365 1663 A.]
389 1620 428 1650 et
448 1613 586 1651 Suidas
614 1625 660 1651 ex
681 1612 855 1656 Alexide,

138 1665 314 1706 Valerius
351 1666 634 1718 Harpocration
671 1667 856 1705 Anaxilao

137 1727 179 1759 et
196 1720 387 1772 Amphide
406 1721 601 1759 Comoedis
620 1734 772 1772 quoque
795 1735 854 1760 re-

138 1774 216 1814 fert
251 1774 477 1826 proscissam
516 1783 613 1813 teste
653 1775 706 1813 H.
735 1775 855 1813 Junio

139 1829 254 1868 Ceut.
266 1830 316 1867 V.
328 1829 476 1882 Adagio
495 1842 561 1880 30.
591 1831 728 1868 Posset
740 1828 856 1868 etiam

140 1891 306 1923 tractum
334 1883 449 1922 videri
480 1883 719 1935 proverbium
746 1897 770 1922 a
800 1884 859 1922 Si-

141 1937 369 1990 nopensium
416 1937 597 1982 moribus,
636 1938 685 1976 de
721 1938 860 1990 quibus

139 1993 373 2044 Geographi.
403 1993 633 2031 SCHOTT.

196 2047 290 2096 841.
311 2048 398 2086 Vat.
418 2047 494 2085 111.
518 2047 583 2086 80.

194 2109 212 2127 ¹
239 2102 382 2151 Σκύθης]
414 2101 549 2140 Suidas
568 2101 730 2139 totidem
751 2114 860 2154 paene

139 2156 276 2200 verbis,
306 2155 379 2195 nisi
408 2156 510 2207 quod
536 2154 734 2205 ἐμυσάξαηο
761 2170 858 2208 prae-

138 2209 225 2256 fert,
245 2210 456 2262 eademque
474 2210 750 2262 Diogenianus.
783 2212 857 2249 Ze-

139 2264 280 2304 nobius
306 2264 347 2303 in
365 2265 474 2317 adag.
497 2269 539 2302 ‘O
567 2268 692 2312 Σκύθης
719 2267 774 2303 τὸν
798 2268 854 2303 fx·

138 2335 197 2357 w
228 2318 384 2372 gemina
430 2333 562 2371 prope,
601 2328 639 2357 et
677 2319 857 2358 Clemens

143 2372 420 2412 Alexandrinus
448 2373 487 2411 in
523 2373 737 2426 Paedagogo
762 2375 855 2424 [111.

141 2441 179 2480 p.
201 2428 267 2479 98.
288 2427 414 2480 Sylb.]
439 2428 600 2478 Scythas
627 2427 681 2465 ait
699 2437 739 2466 et
757 2442 856 2480 equo

141 2481 240 2527 vehi,
278 2490 320 2521 et
357 2482 584 2534 sanguinem
622 2491 726 2520 secta
763 2496 858 2522 vena

104 2550 107 2553 ·
140 2544 310 2588 epotare.
356 2537 418 2575 M.
446 2535 598 2574 Tullius
626 2535 693 2574 lib.
721 2538 774 2575 11.
810 2538 857 2575 ad

142 2590 340 2629 Atticum:
372 2592 499 2629 Habes
517 2591 660 2640 Scytha
677 2589 754 2629 ἕνον.
805 2592 859 2629 Et

139 2645 309 2696 explicat
349 2645 503 2684 doctiss.
541 2645 747 2683 Turnebus
792 2645 858 2684 lib.

143 2698 298 2738 XVIII.
327 2700 483 2739 Advers.
503 2712 586 2750 cap.
606 2711 645 2748 9.
684 2699 858 2750 Sequen-

142 2751 197 2791 tia
210 2753 263 2791 ὅτι
289 2757 523 2803 ἑκυμῳὸοῗιντο,
547 2753 664 2802 [Haec
692 2766 769 2791 om.
790 2755 856 2803 B.]

88 2805 94 2808 ”
143 2807 193 2845 ad
229 2807 340 2846 aliam
384 2807 581 2859 pertinent
625 2807 859 2859 paroemiam.

145 2861 265 2900 Forte
294 2863 340 2900 ad
369 2863 554 2912 Ἀχαρνικοὶ
579 2860 654 2906 ἵνα,
686 2870 729 2900 ut
754 2863 859 2914 apud

147 2915 380 2967 Hoeychium
401 2916 552 2968 legitur.
583 2916 811 2955 SCHOTT.

202 2969 292 3017 842.
316 2970 402 3008 Vat.
418 2971 492 3008 ΙΙΙ.
517 2971 582 3008 86.

200 3028 222 3050 ⁸
239 3023 397 3072 Σκάνδιξ]
420 3023 595 3070 Scandix,
608 3024 724 3076 vulgo
739 3026 858 3063 Scan-

144 3078 268 3121 daria,
314 3077 533 3117 vilissimum
580 3078 693 3117 oleris
737 3092 859 3131 genus

912 1458 1073 1502 agrestae.
1131 1450 1195 1488 De
1239 1450 1435 1503 Euripidis
1479 1452 1632 1506 Tragici

913 1514 1035 1542 matre
1054 1503 1159 1543 Clito
1179 1506 1348 1550 nomine,
1370 1506 1441 1544 etsi
1462 1508 1631 1546 nobilem

913 1558 1030 1597 fuisse
1061 1559 1311 1598 Philochorus
1343 1561 1443 1612 apud
1475 1562 1630 1600 Mosco-

913 1613 1045 1664 pulum
1076 1613 1115 1651 in
1141 1612 1223 1662 ejus
1242 1613 1335 1652 Vita
1354 1624 1507 1659 asserat,
1529 1617 1632 1654 olera

912 1676 1040 1706 tamen
1062 1668 1275 1706 venditasse
1288 1668 1342 1706 ait
1354 1670 1631 1722 Theopompus

912 1722 1014 1772 apud
1032 1721 1223 1774 Agellium
1245 1722 1310 1760 lib.
1325 1723 1414 1760 XV.
1444 1725 1630 1762 Noctium

911 1788 994 1826 cap.
1012 1788 1076 1814 20.
1096 1783 1137 1814 et
1155 1775 1330 1814 Valerius
1349 1778 1543 1816 Maximus
1564 1778 1630 1817 lib.

913 1830 989 1868 111.
1003 1842 1088 1881 cap.
1100 1842 1140 1878 4.
1167 1830 1435 1883 Diogenianus
1453 1832 1527 1871 hoc
1546 1833 1630 1886 ipso

913 1884 1065 1936 adagio,
1103 1892 1143 1922 et
1189 1884 1465 1937 Aristophanes
1508 1888 1630 1926 salsus

917 1938 1098 1977 Comicus
1117 1938 1227 1977 initio
1250 1940 1448 1990 Equitum,
1466 1941 1530 1979 ubi
1545 1942 1628 1981 De-

916 1993 1136 2032 mosthene·
1154 1993 1208 2042 [v.
1229 1996 1313 2045 19.]
1332 1997 1391 2041 Μὴ
1405 1998 1631 2035 διασκανδικί-

914 2064 986 2098 σῃς.
1025 2049 1078 2086 Et
1097 2048 1136 2086 in
1151 2049 1463 2088 Acharnensibus
1476 2050 1629 2089 Dicaeo—

915 2102 1013 2153 polls
1024 2101 1078 2141 ait
1089 2102 1224 2153 [456]
1240 2109 1319 2141 Φεῧ·
1335 2105 1548 2152 εὐδαιμονοίης
1562 2106 1628 2143 ὗσ-

913 2173 972 2207 περ
1003 2158 1024 2203 ἦ
1051 2158 1158 2206 μήτηρ
1187 2160 1279 2196 ποτέ.
1341 2159 1395 2197 Et
1426 2160 1630 2211 utrobique

914 2211 1071 2250 Graecus
1104 2221 1311 2257 enarrator,
1341 2213 1406 2265 qui
1430 2219 1628 2262 λαχανο-ιό-

912 2268 997 2310 λιδος
1013 2267 1077 2304 υἱὸν
1097 2266 1283 2305 nominat.
1330 2268 1393 2306 De
1408 2268 1630 2308 recentiori-

914 2320 996 2365 bus,
1030 2333 1075 2358 ex
1106 2320 1164 2358 his
1196 2321 1296 2359 Had.
1329 2322 1532 2361 Turnebus
1562 2323 1628 2362 lib.

911 2375 1003 2413 XV.
1038 2375 1235 2413 Adversar.
1263 2389 1347 2428 cap.
1374 2389 1414 2426 3.
1446 2387 1486 2415 et
1514 2378 1629 2417 Joan.

912 2429 1098 2467 Brodaeus
1126 2430 1190 2468 lib.
1211 2431 1281 2467 IV.
1308 2431 1523 2470 Miscellan.
1544 2445 1628 2485 cap.

916 2485 977 2521 26.
1008 2484 1237 2522 SCHOTT.

970 2538 1061 2587 843.
1082 2539 1173 2577 Vat.
1193 2539 1267 2576 III.
1291 2552 1355 2589 79.

968 2590 990 2619 b
1009 2593 1156 2641 Σκυθῶν]
1188 2592 1250 2631 De
1270 2593 1448 2645 Scythica
1467 2608 1545 2632 non
1565 2609 1628 2634 so-

915 2646 993 2684 lum
1021 2646 1191 2685 barbarie
1219 2655 1260 2686 et
1286 2646 1543 2693 immanitate,
1564 2651 1630 2688 sed

915 2709 955 2738 et
991 2699 1200 2739 solitudine
1237 2702 1287 2742 Q.
1313 2702 1468 2740 Curtius
1505 2704 1630 2742 Rufus

912 2754 981 2792 lib.
1023 2756 1112 2793 VII.
1158 2756 1222 2793 De
1266 2756 1383 2808 gestis
1426 2757 1628 2796 Alexandri

914 2809 1076 2861 Magni:
1108 2810 1348 2860 Scytharum,
1377 2811 1515 2863 inquit,
1541 2814 1628 2849 soli-

916 2865 1060 2901 tudines
1102 2866 1238 2902 Graecis
1274 2868 1386 2903 etiam
1430 2867 1631 2915 proverbiis

914 2920 1026 2955 audio
1045 2920 1157 2963 eludi,
1175 2921 1246 2957 διο.
1274 2918 1409 2958 Utitur
1427 2920 1467 2957 in
1487 2920 1629 2958 Achar-

916 2971 1097 3011 nensibus
1125 2972 1404 3025 Aristophanes
1440 2975 1490 3023 [v.
1513 2974 1624 3022 704]

914 3027 1144 3064 SCHOTT.
