1852 3308
109 400 184 441 241

110 790 192 831 242

108 1257 192 1298 244

108 1409 189 1455 245

204 283 259 323 24

271 384 410 433 ς’Βοὴ
446 382 595 431 limina
612 399 623 429 :

753 259 1121 306 PROVERBIA

202 465 227 523 ἦ
250 460 457 527 παροιμία·
481 458 571 525 παρ’
591 457 679 506 ὅσον
701 457 740 505 οἱ
759 452 929 521 ἀργυρίω
951 451 1201 516 ζημιούμενοι
1222 450 1487 513 ἠναγκάζοντο
1509 457 1677 498 σιωπᾶν.

203 546 304 589 Βοῦν
324 539 404 604 γὰρ
440 538 603 587 ἐνταῦθα
632 534 677 584 τὸ
700 534 894 600 ἀργύριον,
918 532 953 579 δι

893 613 951 657 Οἵ
972 609 1015 657 δε
1039 614 1137 666 βοῦν
1158 630 1203 657 το
1228 614 1318 668 ζῶον
1336 608 1517 665 ἐνταῦθα,
1541 606 1679 667 ἐπειδὴ

203 617 384 680 μίσματι
420 622 516 673 βοῦν
544 614 822 679 ἐγχαράττειν.

205 696 430 767 “μέγιστον
452 700 525 742 τῶν
547 692 831 754 βοσκηματων.

272 774 391 821 BATA
420 772 599 819 KApn:

638 767 737 817 Ἐπὶ
773 773 847 816 τῶν
868 787 1028 830 παχεων
1055 766 1223 830 λέγεται
1260 771 1391 814 τοῦτο.

961 532 974 550 x
1037 529 1089 561 &t

956 555 984 580 α
1006 552 1051 578 το
1099 530 1192 585 τοὺς
1219 528 1440 589 Ἀθηναίους
1465 527 1504 577 ἔν
1525 533 1583 596 τῷ
1613 549 1678 577 νο-

1461 765 1581 819 Τινὲς
1615 762 1679 814 οἷν

205 872 388 914 Ενθμλσαν
423 872 459 898 ἐν
493 870 613 911 θνθμα
646 868 760 894 ΤΟυΤΟ
791 867 905 902 ξέναι,
940 866 1008 892 Καὶ
1044 844 1267 910 ἐχρήσαντο
1295 849 1349 912 Τῇ
1382 863 1582 938 ἵΐαρᾶιμία
1612 865 1678 892 “l

1474 926 1493 937 u

204 935 275 976 τῶν
296 927 467 990 παχέων.
502 928 559 973 “F
564 947 631 973 στι
657 925 742 972 δὲ’(
752 921 831 977 υἷος
854 924 873 970 ὅ
897 924 1041 988 Κάρας
1063 928 1132 971 τοῦ
1150 922 1327 981 Baras
1301 944 1352 976 ως
1376 921 1414 970 ἔν
1435 943 1494 969 τω
1518 921 1679 988 Ἥραῖφ

202 1012 257 1053 τῶ
278 1005 420 1070 Σαμίω
444 1003 750 1068 ἐπιγέγραπται.

108 1099 188 1142 243
269 1081 551 1131 Bormani
586 1101 656 1129 r1¹12
693 1081 878 1127 MAAAoN
919 1078 948 1126 ἒ
990 1079 1271 1127 ΜιΜέΣΕΊ-Λιε

1306 1082 1436 1128 Ὄλον
1469 1085 1603 1127 κεῖται
1639 1078 1679 1128 ἔν

202 1168 258 1228 Τῷ
281 1159 540 1210 ΜΩΜΙΙΣΕΤΑΙ
565 1181 633 1208 ΤΙΣ
659 1160 844 1206 MRAAON
870 1156 900 1206 1⁴1l
926 1159 1192 1207 MlmfixE'rAl.

269 1239 533 1287 yssomafxooe
570 1237 715 1285 minz:

755 1242 767 1260 ⁴
843 1234 854 1253 x
915 1243 933 1253 ,ο
1297 1236 1308 1255 t

771 1241 854 1284 Επι
882 1259 955 1284 των
979 1243 1389 1301 Ζπαραλογιζομενων.

1459 1234 1576 1285 Φασὶ
1597 1235 1679 1302 γὰρ

205 1317 440 1382 Κυρηναίους
467 1317 587 1370 οὔσας
610 1317 686 1371 τὰς
709 1321 800 1369 ναῖίς
821 1322 1094 1381 προσεποιεῖτο
1119 1314 1228 1369 ι’ὃιάς
1252 1314 1376 1379 ἔχειν.

270 1397 470 1443 aBAmoz
495 1397 634 1443 xopdz
651 1413 661 1442 ε

202 1474 415 1538 Μαιάνδρῳ
436 1473 515 1536 γὰρ
543 1478 598 1537 τῷ
619 1476 788 1537 ποταμῷ
818 1471 883 1520 860
908 1471 1110 1535 ἐγενέσθην
1137 1471 1275 1520 παῖδε·
1313 1466 1363 1519 εἶν

257 1674 346 1710 241.
377 1662 464 1699 Vat.
485 1662 515 1699 Ι.
537 1671 596 1711 15.

702 1392 802 1441 Ἐπὶ
820 1399 892 1440 τῶν
910 1392 1157 1459 ἀφυέστερον
1180 1399 1234 1460 τῇ
1251 1397 1433 1459 μουσικῇ
1456 1391 1679 1457 χρωμένων.

1397 1471 1417 1518 ὅ
1449 1468 1682 1534 1’Μαρσύας

969 1662 1025 1713 [p.
1040 1662 1120 1712 694
1134 1663 1202 1711 B.]
1225 1659 1397 1710 (Latinis
1412 1659 1517 1699 enim
1537 1661 1682 1699 Canina

255 1724 269 1745 s
289 1718 382 1766 Βοῦς]
404 1715 566 1753 Concise
586 1716 623 1754 id
643 1714 785 1753 dictum
806 1716 906 1767 apud
950 1717 1121 1766 fames:)
1154 1725 1194 1755 et
1222 1717 1368 1754 Bucera
1396 1716 1505 1754 saecla
1529 1715 1578 1754 T.
1599 1715 1683 1753 Lu-

201 1769 370 1816 Suidam,
391 1775 468 1814 Βοῦς
487 1771 540 1808 ἐπὶ
558 1772 720 1818 γλώττης.
755 1770 907 1822 Integre

199 1823 237 1862 in
258 1826 543 1876 Agamemnone
566 1823 617 1872 [v.
635 1824 721 1874 36.]
741 1825 904 1875 AEschy-

199 1878 259 1916 lus
285 1877 441 1916 extulit:
472 1881 527 1915 Τὰ
549 1880 575 1915 δ’
595 1878 691 1915 ἄλλα
710 1883 805 1928 σιγῶ·
834 1880 909 1925 βοῦς

201 1933 252 1970 ἐπὶ
273 1935 424 1980 γλώττης
447 1931 553 1980 μέγας
580 1932 731 1978 βέβηκεν.
788 1933 907 1970 Usur-

202 1985 304 2037 pavit
340 1985 591 2023 Philostratus
635 1999 709 2023 non
750 1999 832 2023 raro
868 1987 907 2023 in

202 2039 395 2091 Apollonii
416 2039 512 2077 vita:
545 2047 584 2077 et
607 2048 739 2077 notum
770 2041 908 2092 Pytha-

202 2107 331 2145 goram
348 2095 424 2131 suis
440 2093 671 2132 auditoribus
691 2094 825 2132 bovem
840 2093 911 2132 im-

202 2147 384 2198 posuisse,
414 2148 487 2186 hoc
516 2155 585 2193 est,
616 2148 911 2187 taciturnitatem

203 2202 372 2252 quinque
400 2215 599 2249 annorum,
620 2203 667 2240 de
691 2216 764 2254 qua
790 2207 912 2251 ἐχεμυ-

203 2258 260 2303 θίᾳ
297 2255 464 2308 Agellius
501 2256 565 2294 lib.
595 2257 626 2294 Ι.
660 2270 692 2296 c.
723 2271 759 2306 9.
808 2258 912 2296 Nota

203 2323 355 2371 quoque
380 2312 427 2347 de
454 2310 714 2349 Demosthene
740 2311 909 2356 historia,

203 2363 268 2415 qui
287 2365 597 2416 argentanginam
618 2366 695 2416 pati
709 2365 910 2411 ferebatur,

203 2419 304 2469 quod
325 2418 485 2469 pecunia
504 2429 700 2471 corruptus
716 2420 752 2457 in
766 2420 911 2472 judicio

204 2471 306 2523 pisce
337 2472 456 2524 magis
489 2473 609 2511 factus
639 2483 766 2512 mutus
798 2483 909 2513 esset.

204 2526 311 2564 Idem
345 2527 510 2578 Agellius
538 2527 604 2565 lib.
627 2529 700 2566 XI.
731 2542 765 2567 c.
796 2542 833 2579 9.
867 2543 910 2568 ex

205 2579 385 2618 Critolao.
416 2581 644 2621 SCHOTT.

259 2637 274 2664 t
310 2637 381 2679 τοὺς
416 2635 615 2685 Ἀθηναίους]
658 2637 780 2675 Deliis
817 2637 912 2675 alios

205 2687 367 2727 tribuere
403 2688 526 2727 Julius
563 2690 697 2728 Pollux
743 2691 805 2729 lib.
840 2693 911 2729 IX.

210 2743 301 2792 [61]
325 2743 437 2781 docet
456 2751 495 2782 et
518 2744 735 2783 Desiderius
755 2746 910 2797 Adagio‚

205 2798 280 2835 Bos
298 2800 337 2834 in
357 2799 495 2846 lingua.
527 2799 754 2838 SCHOTT.

257 2858 281 2878 Π
297 2851 456 2901 μέγιστον
473 2857 536 2890 τῶν
554 2854 790 2902 βοσκημάτων]
810 2853 914 2892 Hinc

203 2912 242 2943 et
261 2906 386 2944 Graeci
414 2907 524 2944 rebus
545 2907 691 2959 magnis
712 2907 821 2945 bovis
844 2909 909 2946 ad-

204 2959 301 2997 dunt
329 2973 495 3010 nomen„
516 2969 556 2999 ut
590 2962 629 2998 in
662 2963 831 3010 βουλιμίᾳ,
866 2962 913 3000 de

202 3027 276 3064 qua
316 3012 354 3051 in
394 3015 645 3067 Symposiacis
691 3016 913 3054 Plutarchus

961 1771 1080 1809 cretio
1112 1770 1208 1809 libro
1234 1771 1282 1808 V.
1306 1770 1437 1820 [864]
1469 1778 1510 1808 et
1536 1770 1683 1808 Bucera

962 1831 1130 1863 armenta
1152 1824 1304 1863 Nasoni
1333 1824 1594 1878 Metamorph.
1613 1823 1680 1863 lib.

964 1880 1034 1917 VI.
1060 1881 1110 1928 [v.
1128 1881 1238 1929 395]
1274 1879 1502 1919 SCHOTT.

1022 1935 1223 2025 24‘2.AV{t.
1246 1934 1276 1971 1.
1300 1935 1360 1972 16.

1021 1997 1039 2016 Χ
1059 2006 1092 2031 υς
1148 2017 1156 2025 .
1210 2017 1218 2026 .

1023 2054 1113 2091 243.

1025 2108 1114 2144 244.
1135 2096 1224 2134 Vat.
1243 2096 1275 2133 Ι.
1299 2109 1358 2146 17.

1021 2159 1041 2189 y
1069 2150 1224 2199 Βουνόμου
1243 2158 1282 2187 et
1303 2163 1390 2188 mox
1412 2151 1684 2201 παροργιζομένων

968 2205 1097 2255 Van-I.
1111 2217 1124 2242 1
1135 2215 1169 2254 7.
1190 2204 1251 2243 ubi
1264 2206 1567 2255 παραλογιζομένων
1578 2206 1625 2243 Α.
1634 2206 1682 2245 Β.

1023 2267 1039 2284 ²
1058 2260 1346 2309 παροργιζομένων]
1365 2259 1500 2298 Malim
1516 2263 1682 2310 παροριζο-

965 2313 1077 2362 μένων,
1096 2327 1171 2351 una
1185 2314 1382 2352 dumtaxat
1397 2313 1522 2353 littera
1536 2315 1681 2360 demta,

967 2367 998 2405 si
1013 2369 1242 2406 membranae
1254 2368 1431 2407 faverent.
1447 2369 1682 2408 SCHOTT.

1025 2433 1114 2472 245.
1137 2423 1224 2461 Vat.
1240 2424 1271 2461 Ι.
1291 2423 1350 2461 18.

1020 2483 1041 2504 ¹²
1060 2480 1183 2521 Βάκυος
1202 2478 1248 2514 Β.

1020 2529 1041 2558 b
1079 2533 1260 2582 Μαρσύας]
1303 2532 1366 2570 De
1402 2532 1558 2584 Marsya
1594 2545 1681 2570 cum

967 2585 1143 2636 Apolline
1172 2585 1275 2624 tibiis
1303 2594 1474 2624 certante
1499 2594 1593 2624 nota
1624 2586 1680 2624 fa-

968 2639 1056 2678 bula
1075 2653 1120 2678 ex
1137 2639 1275 2678 Ovidio
1291 2641 1598 2692 Metamorphos.
1616 2640 1682 2679 lib.

967 2694 1037 2731 VI.
1054 2703 1092 2732 et
1112 2695 1273 2746 Apuleio
1288 2695 1320 2732 F
1323 2695 1529 2733 loridorum
1546 2694 1679 2733 initio:

968 2747 1135 2799 itemque
1166 2749 1213 2786 de
1243 2749 1384 2787 crudeli
1412 2749 1478 2787 illo
1509 2748 1684 2801 supplicii

969 2815 1105 2853 genere
1125 2803 1221 2854 pelle
1240 2803 1399 2841 exuendi
1416 2803 1525 2855 plura
1538 2802 1686 2855 colligit

971 2856 1142 2906 exempla
1173 2857 1313 2895 Junius
1349 2870 1395 2895 ex
1432 2856 1612 2909 Eunapio
1645 2867 1685 2896 et

968 2909 1145 2962 Agathia,
1179 2911 1324 2964 Adagio
1357 2914 1514 2961 Μαρσύου
1547 2914 1686 2956 θάνατος

970 2963 1154 3002 Centuria
1191 2965 1266 3003 ΙΙΙ.
1317 2965 1426 3003 Adde
1462 2965 1521 3004 his
1558 2973 1598 3004 et
1636 2967 1682 3004 B.

970 3018 1239 3057 Bartholomaei
1261 3019 1451 3070 Apostoli,
1471 3028 1511 3058 et
1538 3019 1682 3059 Sisam-

664 378 765 428 Ἐπὶ
787 384 861 426 τῶν
884 374 1072 438 ἐξαίφνης
1103 370 1309 438 γινομένων
1333 370 1496 432 ἀφώνων
1519 369 1729 437 εἴρηταιᾼ

1691 777 1725 812 Β

1690 1170 1722 1206 C
