1846 3302
782 236 1157 279 PROVERBIA
1571 236 1723 279 cnm.

225 237 312 293 388

228 353 481 418 ἐπηράσαντο
518 354 722 416 μηδέποτε
761 358 972 401 κατελθεῖν
1003 352 1062 406 εἷς
1099 351 1236 411 αὗτήν.
1309 350 1530 414 Μέμνηται
1568 353 1774 413 ταύτης-Α

228 430 453 495 ’Ἡρόδοτος
479 432 517 480 ἐν
538 437 592 499 τῇ
614 431 765 498 πρώτῃ.

294 512 592 559 (ΙΦΑΣΠΛΙΤᾶΝ
629 512 776 559 eima:
815 507 918 556 Ἐπὶ
950 513 1023 556 τῶν
1047 506 1216 556 εὐτελῶν
1239 505 1308 556 καὶ
1333 507 1509 571 ἀναίμων
1531 509 1720 574 λέγεται.

223 587 340 637 Φασὶ
362 590 442 655 γὰρ
467 589 559 643 τοὺς
583 587 832 647 Φασηλίτας
856 585 1073 651 Γταρίχους
1095 593 1181 640 τοῖς
1204 591 1307 641 θεοῖς
1329 586 1443 635 θύειν.

293 668 473 716 scbsixor
508 667 711 715 ἕΡΑΝοῑε
749 662 862 724 Α’ἷιτη
894 665 1064 728 λέγεται
1097 665 1207 713 κατα
1230 672 1305 714 τῶν
1329 665 1501 731 εὐωχίας
1526 668 1719 734 συναγὸν-

155 520 213 575 36

151 686 207 731 37

221 769 296 794 των
322 746 386 795 ἐπὶ
419 753 474 812 τῷ
509 747 653 794 ἑαυτῶν
682 749 806 810 κακῷ.
876 748 1018 796 Φῶκος
1039 744 1120 808 γάρ
1153 765 1216 798 τις
1249 745 1451 810 θυγατέρα
1483 745 1584 810 ἔχων
1607 748 1763 798 ‘eni—B

219 846 365 887 γαμον,
390 830 547 872 πολλῶν
570 824 693 882 αὐτην
715 821 1056 886 μνηστευομένων,
1090 821 1247 886 ἐράνους
1277 829 1440 887 συνῆγε,
1469 822 1538 872 καὶ
1575 826 1718 874 ἑστιῶν

218 902 311 956 τοὺς
332 908 586 967 μνηστῆρας,
610 903 870 959 ἀνεβάλλετο
893 897 959 948 τόν
981 901 1127 962 γάμον.
1204 901 1493 965 Ὁργισθέντες
1524 900 1587 952 οὖν
1611 903 1717 953 ε’κεῒ-

216 1002 285 1038 νοι,
311 980 348 1028 ἒν
371 986 427 1046 τῷ
452 980 666 1046 συμποσίῳ
688 981 925 1029 ἀπέκτειναν
946 977 1012 1026 τὸν
1036 983 1188 1027 Φῶκον.

284 1056 513 1107 ΠΧΑΛΕΠᾸ
549 1056 604 1107 ΤᾸ
637 1059 787 1107 immi:
827 1055 1057 1124 Παροιμῖα,
1093 1055 1144 1116 ἧς
1172 1058 1378 1121 μέμνηται
1407 1058 1478 1108 καὶ
1515 1062 1712 1110 Πλάτων.

217 1137 403 1200 4Ελέχθη
439 1137 481 1185 δὲ
516 1137 699 1185 ἐντεῦθεν·
738 1137 981 1202 Περίανδρον
1004 1134 1071 1184 τὸν
1097 1136 1296 1201 Κορίνθιον
1319 1136 1411 1186 κατ’
1435 1139 1604 1205 Χάρχὰς
1636 1140 1755 1202 μένο

215 1211 312 1262 εἶναι
349 1213 576 1277 δημοτικὸν,
603 1213 765 1281 ὕστερον
798 1216 840 1263 δὲ
876 1216 948 1272 την
982 1213 1214 1279 προαίρεσιν
1235 1221 1513 1277 μεταβαλεῒν,
1537 1215 1606 1265 καὶ
1641 1239 1712 1265 τυ-

145 1059 202 1115 38

212 1289 386 1355 ραννικὸν
408 1290 486 1340 ἀπὸ
503 1293 726 1355 δημοτικοῦ
757 1293 958 1356 γενέσθαι·
997 1289 1067 1339 καὶ
1103 1299 1236 1341 ταῦτα
1262 1293 1477 1342 Πιττακόν
1498 1293 1711 1358 πυθόμενον

988 1463 1114 1514 potius
1136 1465 1351 1514 symbolam,
1374 1473 1418 1503 ut
1437 1464 1474 1504 in
1503 1465 1642 1506 Plauto
1669 1475 1710 1506 et

986 1518 1171 1557 Terentio
1187 1519 1340 1558 doctiss.
1356 1520 1560 1559 Turnebus
1575 1521 1707 1574 legen-

987 1572 1079 1610 dum
1102 1573 1263 1613 censuit.
1323 1575 1396 1612 Sed
1422 1575 1486 1613 h‘ic
1505 1578 1615 1625 γάμον
1633 1589 1706 1628 po-

987 1627 1063 1665 tius
1092 1641 1206 1680 quam
1237 1627 1344 1679 ἔρανον
1364 1628 1504 1668 dixisse
1523 1632 1708 1682 oportuit,

213 1463 293 1499 caeis
319 1469 386 1500 aut
406 1463 684 1501 Phocaeensibus
709 1473 801 1502 sunt
829 1463 928 1502 Pho-

212 1517 278 1553 οἱοὶ
297 1529 340 1554 ac
367 1518 579 1562 Phocenses,
605 1518 653 1556 de
681 1517 819 1569 quibus
849 1519 929 1556 sin-

210 1569 330 1622 gulari
370 1571 467 1610 libro
506 1572 723 1618 Pausanias,
764 1572 929 1623 indeque

209 1625 373 1663 alterum
413 1627 584 1665 ductum.
646 1627 803 1666 Rectius
839 1641 930 1666 vero

210 1677 273 1718 hic
292 1680 417 1719 Vatic.
441 1682 675 1720 membranae
695 1681 854 1735 legunt:
887 1686 932 1720 Οἱ

210 1739 355 1778 Φωκαεῖς
387 1736 465 1773 ποτὲ
500 1739 556 1782 τῆς
592 1740 718 1775 ἑαυτῶν
750 1741 809 1787 γῆς
839 1741 932 1776 ἐκπι-

210 1791 343 1835 σάντες,
356 1791 426 1828 &c.
460 1791 689 1830 SCHOTT.

264 1850 286 1879 q
300 1847 518 1895 Φασηλιτῶν]
540 1846 674 1884 Suidas
689 1846 838 1891 eadem,
855 1845 926 1883 nisi

209 1898 310 1948 quod
328 1911 349 1936 e
365 1899 601 1939 Callimacho
617 1901 814 1939 Nomimis
834 1902 925 1938 Bar-

208 1951 343 1991 baricis
359 1953 589 1993 salsamenta
605 1955 783 2001 Calabro,
797 1955 926 1994 nescio

208 2008 282 2049 cui.
303 2008 436 2046 offerre
464 2009 596 2047 solitos
620 2009 830 2048 Phaselitas
860 2010 924 2055 ait,

207 2074 322 2111 quem
343 2064 526 2102 Erasmus
549 2065 779 2113 Caprodeum
800 2064 925 2103 nomi-

208 2123 285 2160 nat,
317 2115 391 2155 nisi
430 2117 460 2155 si
496 2119 704 2157 mendosus
734 2119 925 2171 utrimque

207 2170 328 2207 codex
365 2179 435 2209 est.
493 2174 541 2210 In
574 2174 701 2212 Vatic.
733 2173 838 2212 enim
873 2175 926 2212 ita

207 2224 390 2275 scriptum
411 2234 469 2264 est
485 2242 491 2263 :
525 2231 724 2274 Φασηλίτας
741 2231 806 2280 γὰρ
825 2232 922 2280 ‘mipa-

205 2293 264 2324 χον
282 2287 331 2326 τῷ
357 2282 529 2331 Καλαβρῷ
554 2284 650 2319 θύειν.
702 2281 831 2334 ’Ἄφευε
859 2289 924 2321 τῶν

206 2336 408 2378 Φασηλιτῶν
445 2331 469 2372 ὖ
505 2338 601 2384 γύναι
645 2341 730 2386 τρεῖς
767 2340 922 2385 χοίνικας.

208 2386 435 2424 SCHOTT.
505 2389 651 2428 Ultima
698 2400 788 2430 sunt
836 2392 920 2430 Ari-

206 2441 332 2491 stoph.
355 2442 443 2479 Pac.
471 2456 484 2480 1
500 2456 586 2493 144.
607 2444 670 2482 ubi
690 2447 866 2495 φασήλων.

261 2503 276 2522 Γ
314 2497 482 2546 ταρίχους]
522 2502 654 2549 τάριχος
692 2501 736 2538 Α,
788 2503 923 2551 τάριχον

207 2548 318 2585 Phot.
341 2550 443 2587 Suid.

261 2609 276 2629 s
296 2605 423 2653 Φώκου]
449 2606 595 2643 Eadem
612 2606 749 2646 iterum
771 2609 920 2647 Suidas.

206 2655 432 2695 Plutarchus
481 2658 519 2696 in
558 2664 715 2710 ἐρωτικοῖς
748 2663 804 2714 [p.
842 2674 921 2713 774

204 2710 276 2761 D.]
296 2724 377 2750 rem
398 2711 508 2750 aliter
527 2715 640 2764 paulo
661 2725 799 2755 narrat.
860 2719 920 2756 De

203 2764 343 2817 triplici
363 2774 488 2804 autem
511 2768 766 2807 conviviorum
781 2784 920 2823 genere

202 2820 430 2858 Eustathius
449 2821 495 2859 ad
522 2821 685 2860 Homeri
714 2824 851 2875 Odyss.
872 2828 917 2863 α’.

203 2882 241 2911 et
261 2877 304 2911 λ’.
321 2874 369 2911 Ἢ
399 2878 513 2924 «γάμῳ,
538 2875 557 2922 ἢ
587 2879 700 2926 ἐράνῳ,
727 2877 746 2923 ἢ
770 2882 919 2930 εἰλαπίνῃ

202 2931 373 2979 τεθαλυίῃ.
401 2930 643 2975 Eustathius‚
660 2930 766 2981 ἔρανος
781 2934 919 2980 λέγεται

201 2983 238 3019 τὸ
279 2987 315 3019 ἐκ
363 2986 533 3032 συμβολῆς
577 2986 739 3035 γινόμενον
786 2989 918 3025 δεῖπνον.

203 3037 414 3085 Symbolum
436 3038 566 3078 Latini
586 3039 841 3086 reddiderunt,
861 3042 919 3079 vel

988 1696 1058 1733 pro
1081 1682 1242 1733 nuptiali
1263 1682 1447 1729 convivio,
1463 1684 1534 1722 nisi
1554 1698 1586 1722 sn
1606 1698 1709 1737 sym-

989 1736 1085 1775 bolis
1105 1737 1254 1776 collatis
1281 1750 1325 1776 ac
1354 1738 1536 1777 fraudatis
1555 1740 1708 1778 Phocus

988 1805 1126 1842 procos
1164 1792 1473 1845 circumscripsit,
1508 1806 1553 1832 ac
1590 1794 1707 1833 veluti

983 1859 1117 1885 corvos
1133 1847 1275 1885 delusit
1289 1847 1451 1886 hiantes.
1475 1849 1703 1888 SCHOTT.

1038 1904 1053 1930 t
1071 1903 1124 1939 ἐπὶ
1157 1903 1286 1952 γάμου]
1320 1903 1372 1940 ἐπὶ
1402 1905 1512 1952 γάμον
1538 1903 1592 1942 Η.
1631 1907 1705 1943 ἐπί·

981 1973 1091 2005 γαμον
1109 1955 1345 2008 Diogenian.
1369 1957 1481 1996 VIII.
1503 1957 1569 1997 66.
1608 1959 1705 1997 Mox

982 2012 1084 2056 αὐτὴν
1104 2024 1181 2048 om.
1204 2011 1257 2048 H.

1038 2073 1060 2093 11
1080 2066 1246 2115 Χαλεπὰ]
1266 2066 1375 2104 Plato
1391 2066 1611 2118 frequenter
1630 2068 1704 2107 hoc

983 2118 1103 2158 utitur
1137 2119 1204 2158 lib.
1235 2120 1306 2159 IV.
1337 2121 1395 2171 [p.
1422 2132 1499 2171 435
1535 2122 1600 2170 C.]
1634 2122 1702 2160 VI.

985 2175 1042 2225 [p.
1062 2186 1141 2224 497
1163 2175 1235 2224 D.]
1259 2183 1298 2213 et
1312 2175 1405 2213 V11.
1434 2175 1700 2221 Politicorum,

983 2228 1093 2266 initio
1124 2229 1215 2266 item
1253 2228 1399 2281 Cratyli
1429 2231 1485 2281 [p.
1520 2231 1602 2280 384
1630 2231 1697 2280 A.]

979 2291 1018 2321 et
1038 2282 1075 2320 in
1104 2282 1249 2334 Hippia
1279 2287 1421 2336 majore
1450 2293 1622 2323 extremo
1645 2286 1700 2336 [p.

979 2349 1060 2386 304
1092 2338 1160 2386 E.]
1210 2338 1436 2376 Plutarchus
1474 2341 1544 2390 περὶ
1574 2342 1702 2377 παίδων

979 2395 1112 2441 ἀγωγῆς
1150 2394 1208 2443 [ρ.
1249 2393 1274 2430 6
1309 2394 1374 2442 C.]
1413 2393 1622 2438 Lucianus,
1661 2401 1701 2432 et

979 2445 1054 2483 alii.
1099 2447 1162 2485 De
1183 2461 1315 2499 aspera
1334 2447 1430 2486 calle
1448 2447 1598 2486 virtutis
1618 2448 1699 2486 He·

980 2501 1110 2538 siodus
1136 2500 1175 2538 in
1206 2500 1318 2552 ἔργοις,
1347 2515 1461 2553 quem
1492 2502 1620 2541 locum
1650 2502 1700 2540 ad

980 2556 1134 2593 verbum
1165 2564 1208 2594 ut
1232 2556 1376 2594 ediscat
1398 2556 1534 2607 Leptae
1563 2557 1700 2596 suadet

978 2609 1038 2647 M.
1054 2609 1205 2648 Tullius
1222 2610 1285 2649 lib.
1300 2611 1368 2648 VI.
1384 2611 1430 2649 ad
1447 2611 1554 2650 Fam.
1570 2611 1696 2663 Epist.

983 2664 1042 2701 18.
1073 2665 1202 2702 Codex
1222 2674 1351 2704 autem
1378 2664 1589 2704 Vaticanus
1615 2667 1696 2704 bre-

977 2717 1080 2756 vills:
1113 2720 1156 2756 Τὸ
1187 2721 1336 2767 χαλεπὸν
1364 2722 1533 2757 ἀκούουσιν
1558 2722 1611 2758 ἐπὶ
1640 2725 1697 2758 τοῦ

976 2776 1148 2810 ἀδυνάτου
1169 2777 1328 2812 ἀδύνατον
1343 2771 1393 2811 οῧν
1408 2771 1491 2812 εἶναι
1510 2778 1564 2826 ἐφ’
1584 2773 1695 2812 ἅπαν-

977 2843 1023 2864 τα
1052 2829 1190 2876 ἀγαθόν.
1249 2831 1387 2867 Cetera
1419 2828 1695 2867 desiderantur.

977 2881 1205 2919 SCHOTT.
1250 2883 1380 2921 Schol.
1402 2882 1555 2922 Platon.
1576 2897 1614 2935 p.
1633 2895 1694 2932 14·

977 2943 1015 2973 et
1042 2948 1085 2984 13
1093 2947 1131 2985 5.

1031 2996 1051 3016 Χ
1072 2993 1179 3039 ἀρχὰς
1196 2990 1275 3040 μὲν]
1298 2991 1359 3041 μὲν
1373 3005 1451 3031 om.
1474 2993 1526 3031 H.
