1846 3302
156 361 208 391 12

162 674 211 718 13

219 237 306 291 380

785 230 1159 275 PROVERBIA

1567 225 1714 267 Cmrr.

289 349 377 400 ιΤό
405 350 510 398 unp}
535 350 660 397 Amin
699 349 896 396 ΣΚόΤοΣι
937 344 1224 411 Ἀριστοτέλης
1259 339 1388 403 φησὶν
1412 341 1450 389 ἐν
1472 346 1527 409 τῇ
1553 337 1768 403 ΣαμίωνΑ

221 428 425 493 πολιτείᾳ,
449 428 655 490 Πριηνέας
685 426 863 479 πολλοὺς
895 423 967 472 ὑπὸ
1004 421 1222 481 Μιλησίων
1245 422 1495 484 ἀναιρεθῆναι·
1526 417 1618 484 περὶ
1648 418 1720 476 τὴν

224 507 472 571 καλουμένην
495 512 616 571 Δρῦν·
657 504 737 552 ὅθεν
760 502 930 556 καὶτὰς
965 499 1205 565 “Πριηνέας
1238 504 1435 563 γυναῖκας
1469 495 1630 559 ἆμνῦναι
1665 493 1719 544 md

225 586 332 634 miri
358 586 483 633 Api-N
510 585 693 632 ΣκότοΣ.

378 662 390 680 λ
467 662 479 680 -Ι
597 660 614 677 Λ
773 659 787 677 Ι
1026 657 1042 673 Λ
1277 654 1289 672 Ι
1583 650 1597 669 Χ
1682 651 1698 669 Χ

293 669 419 711 ΧΤΑΣ
456 684 514 710 EN
559 681 634 708 'rm
676 679 891 707 φΑΡΕΤΡΑι
935 674 1158 704 ΨΗΦῙΔΑΣε
1194 660 1447 718 ῩΦυλαρχος
1486 660 1596 715 φησι
1631 673 1724 705 τους

226 740 385 794 Σκύθας
407 739 639 802 μέλλοντας
662 736 863 784 καθεύδειν
886 735 999 799 ἄγειν
1023 735 1095 793 τὴν
1117 733 1339 799 φαρέτραν,
1369 730 1438 780 καὶ
1464 731 1501 780 εἶ
1522 731 1598 794 μὲν
1619 728 1770 778 alab-B

227 841 309 872 πως
343 816 503 880 τύχοιεν
525 816 596 873 τὴν
619 815 770 879 ἡμέραν
795 813 942 872 ἐκείνην
965 814 1188 876 διάγοντες,
1214 810 1386 860 καθῖεναι
1414 810 1471 864 εἷς
1495 810 1567 868 τὴν
1589 807 1723 874 φαρέ-

227 918 323 960 τραν
346 895 515 955 ψηφῖδα
540 893 696 952 λευκήν·
735 892 771 940 εἷ
801 892 843 940 δὲ
867 893 1065 956 ὀχληρῶς,
1090 890 1302 954 μέλαιναν.

1378 887 1480 937 *Euri
1504 887 1630 936 τοίνυν
1653 893 1727 935 τῶν

228 970 544 1031 ἀποθνησκόντων
569 970 751 1035 ἐκφέρειν
775 970 853 1024 τὰς
887 969 1110 1034 φαρέτρας,
1136 967 1206 1016 καὶ
1230 969 1411 1034 ἀριθμεῖν
1434 966 1511 1020 τὰς
1544 966 1723 1027 ψήφους·

230 1050 300 1099 καὶ
336 1051 372 1098 εἷ
401 1048 652 1114 εὑρεθείησαν
682 1047 845 1102 πλείους
876 1048 923 1095 αἱ
955 1045 1112 1104 λευκαὶ,
1139 1044 1425 1108 εὐδαιμονίζειν
1449 1042 1516 1095 τόν
1537 1039 1730 1106 ἀπογενέ-

291 1232 304 1258 t
332 1229 377 1266 Τὸ
405 1229 474 1277 περὶ
498 1226 586 1276 δρῦν]
615 1226 804 1264 Eamdem
822 1225 954 1264 ¹histo-

235 1282 331 1322 riam
351 1281 502 1320 uberius
532 1281 760 1319 Plutarchus
787 1280 826 1318 in
860 1282 952 1318 Pro-

236 1336 414 1376 blematis
448 1337 501 1387 [p.
527 1346 600 1385 295
624 1336 689 1385 F.]
716 1348 956 1373 commemo-

238 1400 308 1438 rat,
343 1399 388 1429 ut
418 1389 680 1428 Prienensium
716 1402 850 1427 uxores
884 1390 954 1427 ob-

240 1447 371 1484 testari
408 1457 452 1482 ac
489 1442 618 1493 jurare
657 1457 724 1495 per
764 1444 957 1484 Quercum

239 1498 518 1538 consueverint.
543 1497 656 1535 Illum
678 1497 753 1535 adi.
778 1499 863 1536 Nec
883 1497 960 1535 dis-

240 1553 364 1592 simile
383 1552 486 1603 quod
507 1551 546 1589 in
568 1551 692 1590 Sacris
713 1551 848 1590 litteris
863 1551 957 1603 legi·

242 1621 338 1653 mus,
366 1605 618 1657 imprecatum
650 1605 774 1644 monti
795 1606 957 1651 Gelboe‚

241 1675 318 1713 quo
354 1661 444 1699 Saul
482 1660 695 1706 cecidisset,
739 1673 759 1698 2
801 1661 899 1713 Reg.
931 1662 957 1699 i.

240 1729 316 1755 ver.
341 1728 404 1753 21.
428 1713 511 1766 ’Όρη
541 1717 587 1752 τὰ
607 1719 641 1752 ἐν
660 1715 803 1762 Γελβουὲ
831 1717 878 1764 μὴ
898 1733 960 1753 κα-

242 1772 388 1817 ταβάτω
419 1770 536 1819 δρόσος,
566 1770 623 1806 καὶ
654 1770 700 1817 μὴ
734 1766 755 1820 ᾗ
786 1771 876 1814 ὑετὸς
904 1774 958 1820 ἐφ’

243 1829 340 1874 ὑμᾶς,
371 1826 428 1861 καὶ
466 1825 558 1873 ἀγροὶ
595 1827 766 1873 ἀπαρχῶν,
805 1823 855 1861 ὅτι
893 1828 967 1862 ἐκεῖ

244 1879 473 1930 προσωχθίσθη
515 1878 618 1927 θυρεὸς
659 1880 815 1922 δυνατῶν,
862 1879 965 1928 θυρεὸς

246 1936 368 1978 Σαοὺλ,
403 1936 457 1970 οὐκ
486 1934 622 1982 ἐχρίσθη
651 1936 684 1969 ἐν
716 1935 829 1980 ἐλαίῳ.
885 1933 963 1970 Va-

247 1987 397 2026 ticanus
444 1994 570 2024 autem
613 1985 710 2024 liber
751 1987 826 2025 hoc
864 1987 963 2033 loco,

247 2043 285 2079 τὸ
331 2043 423 2090 παρὰ
461 2046 543 2091 Δρῦν
580 2041 708 2086 σκότος,
755 2055 833 2080 non
881 2044 964 2092 περί.

249 2095 477 2134 SCHOTT.

304 2155 323 2173 ¹²
362 2149 537 2198 Πριηνέας]
574 2150 732 2199 Πριηνέων
769 2150 827 2188 vel
867 2155 969 2201 Πριη-

250 2205 336 2247 νεῖας
372 2202 647 2254 Wyttenbach.
687 2204 735 2242 ad
776 2204 967 2243 Plutarch.

251 2258 306 2296 II.
327 2271 363 2308 p.
384 2267 457 2307 295
481 2257 526 2295 F.

306 2318 328 2362 ἶ(
355 2314 425 2355 Τὰς
454 2315 486 2348 ἐν
514 2319 560 2362 τῇ·
583 2313 753 2363 φαρέτρα]
783 2313 968 2351 Erasmus

253 2364 430 2417 adagium
464 2367 512 2404 ab
541 2367 721 2404 extremis
755 2366 858 2406 hisce
892 2368 967 2406 Ze-

255 2418 359 2457 nobii
407 2419 527 2458 verbis
583 2419 638 2458 sic
689 2422 968 2468 conformabat,

252 2474 383 2523 Ἀγαθῆ
430 2478 467 2511 ἐκ
519 2477 577 2520 τῆς
624 2476 792 2526 φαρέτρας
838 2477 968 2527 ἧμέρα;

256 2540 368 2578 quem
388 2527 476 2566 vide
499 2536 538 2566 et
556 2528 666 2581 adag.
691 2531 802 2568 Creta
827 2537 970 2576 notare,

256 2589 307 2626 et,
331 2582 466 2619 Album
495 2584 676 2621 calculum
696 2587 844 2623 addere.
900 2587 970 2623 Ju-

259 2635 343 2674 nius
373 2648 459 2673 vero
479 2635 616 2674 similia
634 2639 780 2688 profert
804 2640 852 2677 de
880 2654 969 2678 can-

258 2691 348 2727 dida
376 2691 447 2733 die,
469 2698 508 2727 et
522 2690 623 2740 faba
651 2705 673 2728 e
701 2693 907 2732 Plutarcho
934 2693 972 2732 in

258 2743 404 2782 Pericle
432 2743 616 2782 Centuria
636 2746 709 2783 ΙΙΙ.
744 2747 882 2797 adagio
906 2761 971 2798 59.

259 2797 410 2839 Quibus
429 2798 525 2836 adde
544 2811 590 2836 ex
610 2799 747 2837 eodem
769 2801 973 2840 Plutarcho

257 2853 404 2902 Ἀγαθὸν
421 2857 504 2904 φῶς,
519 2852 679 2890 ominari
701 2854 743 2891 in
762 2867 896 2893 aurora
915 2870 973 2894 so-

259 2907 350 2946 litos
385 2915 545 2945 veteres.
594 2907 834 2959 Hesychius:
877 2912 976 2956 λευκὴ

258 2962 378 3013 ἡμέρα,
398 2963 527 3013 ἀγαθή.
561 2961 796 3014 Phrynichus
817 2962 855 3000 in
877 2963 975 3002 voci-

1012 1227 1082 1264 bus
1109 1224 1269 1264 Atticis:
1305 1225 1430 1270 Λευκὴν
1456 1224 1580 1273 ἡμέραν
1596 1221 1732 1271 ’διαγα-

1010 1286 1094 1330 γεῒν,
1107 1282 1166 1325 τὴν
1181 1282 1292 1326 ἡδεῖαν
1306 1280 1364 1317 καὶ
1380 1280 1512 1329 ἱλαράν.
1534 1275 1729 1316 Catullus:

1013 1336 1160 1372 Fulsere
1178 1348 1262 1372 vere
1282 1335 1432 1372 candidi
1452 1333 1518 1370 tibi
1536 1332 1640 1369 soles.
1679 1329 1734 1367 Et

1013 1391 1177 1428 iterum:
1206 1390 1354 1426 Fulsere
1373 1389 1560 1438 quondam
1585 1385 1735 1423 candidi

1017 1445 1083 1481 tibi
1096 1445 1203 1483 soles.
1237 1443 1336 1481 Mox
1350 1442 1438 1494 lego
1454 1449 1494 1479 et
1507 1448 1614 1478 verto
1628 1439 1733 1490 ἐκφέ-

1014 1515 1077 1546 ρειν
1095 1499 1156 1544 τὴν
1174 1499 1357 1549 φαρέτραν,
1379 1509 1459 1534 non
1479 1492 1736 1533 multitudinis

1018 1565 1177 1590 numero
1196 1554 1259 1595 τὰς
1276 1552 1458 1602 φαρέτρας,
1487 1549 1605 1587 Nunc
1619 1546 1736 1586 etiam

1016 1606 1195 1645 Vaticani
1220 1605 1303 1643 cod.
1324 1603 1535 1643 breviorem
1559 1601 1739 1655 explana·

1016 1661 1161 1700 tionem
1193 1659 1486 1711 repraesentabo.
1537 1657 1600 1696 Sic
1632 1655 1737 1695 enim

1015 1715 1080 1754 ille
1102 1714 1257 1754 concise
1274 1730 1281 1751 :
1313 1719 1386 1752 Τῶν
1405 1717 1449 1757 εἷς
1476 1713 1536 1759 τὴν
1553 1711 1736 1763 φαρέτραν.

1016 1773 1186 1821 Φίλαρχος
1222 1770 1314 1820 φασὶ
1344 1770 1417 1812 τοὺς
1449 1769 1579 1810 Σκύθας
1607 1768 1741 1808 ἀλύπως

1016 1826 1075 1870 τὴν
1095 1826 1219 1875 ἡμέραν
1234 1823 1460 1873 διαγαγόντας
1477 1824 1588 1872 ψ’ἤφον
1602 1821 1740 1869 ἐμβάλ-

1020 1887 1088 1916 λειν
1108 1883 1152 1923 εἷς
1171 1879 1230 1925 τὴν
1248 1879 1419 1929 φαρέτραν
1441 1877 1568 1922 λευκήν·
1599 1877 1743 1923 ὄχληρῦς

1020 1933 1055 1971 δὲ
1073 1933 1250 1982 μέλαιναν.
1296 1934 1373 1970 Ἐπὶ
1392 1936 1457 1969 τῶν
1476 1928 1743 1976 ἀποθνησκόντων

1021 1991 1122 2026 τοίνυν
1159 1989 1307 2038 ἀριθμεῖν
1343 1989 1407 2030 τὰς
1443 1986 1586 2037 ψήφους·
1621 1984 1679 2022 καὶ
1713 1985 1743 2020 εἰ

1021 2044 1149 2086 πλείους
1172 2045 1211 2079 αἱ
1238 2042 1353 2079 λευκαὶ
1372 2042 1569 2091 ηὑρίσκοντο,
1587 2035 1744 2087 ηὔδαιμῦ-

1024 2099 1105 2143 νιζον
1123 2097 1178 2133 τὸν
1196 2096 1442 2145 ἀπογενόμενον·
1471 2094 1541 2132 ὅθεν
1565 2108 1744 2143 παροιμια-

1026 2152 1119 2195 θῆναι
1141 2151 1202 2196 τὴν
1225 2151 1357 2199 ἀγαθὴν
1385 2150 1510 2199 ἡμέραν
1534 2150 1657 2194 συνέβη
1687 2153 1746 2183 λε-

1023 2205 1145 2254 γόντων
1164 2209 1228 2242 τῶν
1246 2208 1284 2242 ἐκ
1303 2206 1360 2250 τῆς
1386 2204 1557 2254 φαρέτρας
1573 2205 1743 2252 ὑπάρχειν.

1027 2260 1095 2296 Καὶ
1133 2259 1313 2309 Μένανδρος
1355 2259 1415 2304 τὴν
1451 2258 1585 2307 ἀγαθὴν
1621 2255 1746 2305 ἡμέραν

1024 2314 1141 2360 λευκήν
1195 2319 1299 2365 φησιν
1351 2316 1385 2350 ἐν
1433 2315 1586 2351 Λευκάδι.
1644 2310 1747 2350 Illud

1025 2368 1138 2406 etiam
1161 2367 1349 2406 incertum
1380 2380 1428 2405 an
1452 2370 1625 2418 Φύλαρχος
1643 2378 1711 2417 per
1728 2382 1747 2403 v

1027 2421 1232 2461 historicus
1276 2421 1340 2460 ille
1388 2421 1659 2465 nominandus,
1701 2427 1747 2458 ut

1027 2478 1237 2515 Atlienaeus
1274 2489 1442 2528 persaepe
1482 2475 1664 2514 advocat:
1699 2474 1747 2513 de

1027 2545 1103 2584 quo
1137 2539 1177 2570 et
1210 2531 1345 2569 Suidas
1375 2529 1570 2582 scripsisse
1599 2530 1647 2568 de
1681 2529 1747 2567 In-

1026 2585 1177 2630 ventis;
1208 2599 1256 2624 an
1277 2587 1440 2635 Φίλαρχος
1465 2597 1535 2637 per
1553 2603 1576 2629 ι,
1594 2592 1636 2622 ut
1655 2583 1748 2622 Plu-

1029 2641 1181 2679 tarchus
1211 2639 1387 2679 nominat
1414 2638 1454 2677 in
1482 2640 1562 2677 vita
1579 2637 1747 2683 Camilli,

1031 2694 1174 2747 Pyrrhi,
1202 2703 1242 2732 et
1269 2693 1401 2733 Arati:
1433 2693 1604 2746 itemque
1630 2691 1748 2745 Hygi-

1030 2763 1115 2788 nus.
1147 2749 1377 2788 SCHOTT.

1084 2813 1106 2843 y
1125 2804 1309 2855 Φίλαρχος]
1331 2808 1503 2854 Φύλαρχος
1516 2803 1559 2841 Ρ.
1576 2803 1628 2840 Η.
1658 2801 1748 2840 Vid.

1032 2858 1254 2896 Bentleium
1293 2859 1340 2897 ad
1381 2857 1521 2897 Horat.
1539 2907 1541 2909 ι
1556 2858 1686 2895 Carm.
1715 2855 1750 2894 l.

1034 2913 1102 2960 36,
1128 2925 1185 2950 ιο.
