1852 3308
259 229 343 274 286
809 233 1180 278 PROVERBIA
1594 240 1742 284 Caum.

421 350 522 384 Mae&
540 347 596 385 τὸν
613 346 715 399 ἄνδρα
736 349 791 386 τὸν
813 351 942 388 διπλοῦν
959 351 1145 402 πεφυκότα,

1755 373 1791 407 Α

422 412 565 463 χρηστὸν
583 412 723 462 λόγοισι,
743 415 894 463 πολέμιον
913 415 947 453 δὲ
966 421 1032 460 τοῖς
1049 416 1180 465 τρόποις.

194 518 250 560 24
328 502 416 550 Ais
441 500 559 550 §arrd
583 504 784 550 marsis
804 503 1084 554 fnomafnooez
1108 509 1398 558 ΠιΛοῶΜΕΝοΣ
1417 516 1433 558 ι’
1458 509 1560 558 Ἐπὶ
1583 517 1656 559 τῶν
1677 533 1745 560 κο-

261 580 421 633 λάσεως
454 578 586 636 ἀξίων.
656 581 766 644 Παρ’
791 580 919 629 ὂ’σονὸ
949 583 1151 638 πολύπους
1183 585 1378 651 θηρευθεὶς
1411 587 1608 637 τύπτεται
1642 599 1745 638 πολ-

260 658 398 716 λάκις,
422 655 519 721 πρὸς
541 655 587 704 τὸ
609 657 706 704 πίων
727 658 929 721 γενέσθω.
1671 672 1674 674 ’

327 733 555 782 ἒΔίΧοΛοι
594 736 795 784 rufium:
830 736 959 802 Παρὰ
985 736 1183 805 r3h81xff
1214 739 1442 805 ι’ὃιότροποι,
1467 744 1579 792 κατὰ
1609 745 1790 806 μετά-Β

190 758 243 805 25

188 975 243 1016 26

259 818 396 871 ληψιν.
466 811 603 867 Χόλος
624 814 705 878 ’γὰρ
729 817 754 874 ἡ
777 815 890 878 ὀργὴ,
915 815 1013 880 ὄργὴ
1038 816 1080 864 δὲ
1104 815 1259 881 τρίπος.
1329 819 1623 883 Βακχυλίδης,

311 898 432 947 Ὀργαὶ
450 896 513 946 μὲν
530 899 701 947 ἀνθρώπων
715 900 959 948 διακεκριμέναι
978 903 1102 950 μυρίαι.

325 969 469 1019 ἰΔόΡτ
505 971 583 1020 zai
618 973 871 1021 xn94x101v:
919 972 1147 1038 Παροιμίαι,
1169 975 1215 1033 ἢν
1238 976 1328 1025 ἐ’νιοι
1353 976 1650 1043 katezomfaeym
1672 981 1742 1028 λε’-

256 1131 332 1169 Od.
367 1133 424 1180 6.)
458 1132 569 1171 Plato
602 1133 718 1173 etiam
751 1135 789 1173 in
825 1135 972 1188 Hippia

258 1185 330 1223 hoc
359 1185 511 1224 laudat:
535 1187 601 1232 Ὅς
618 1193 652 1236 χ’
673 1189 776 1239 ἕτερον
794 1191 856 1238 μὲν
873 1193 970 1241 κεύθῃ

255 1241 300 1277 ἐνὶ
318 1241 448 1290 φρεσὶν,
469 1240 555 1278 ἄλλο
575 1242 609 1279 δὲ
628 1241 712 1293 εἴπῃ.
742 1244 969 1282 SCHOTT.

311 1295 618 1345 θὍθεν--τρόποις
646 1310 722 1334 om.
743 1298 785 1334 P.
810 1298 860 1335 H.
919 1299 971 1336 Et

255 1347 417 1386 fortasse
437 1348 510 1387 huc
530 1349 659 1388 intulit
678 1351 739 1388 ed.
759 1351 802 1388 F.
824 1364 868 1389 ex
889 1353 970 1389 An-

256 1401 351 1440 thoi.
377 1402 476 1449 (Pal.
498 1403 548 1441 X.
570 1406 655 1454 95.)
687 1403 776 1443 Vid.
800 1405 970 1444 Jacobsii

254 1455 385 1494 Anim.
406 1457 452 1495 T.
474 1458 506 1494 Ι.
528 1470 608 1508 par.
631 1470 668 1507 3.
689 1472 728 1510 p.
753 1471 842 1509 247.

310 1508 510 1561 Ῑπολῦπους]
528 1514 702 1552 πουλύπου(
714 1514 896 1551 Erasmus
911 1514 963 1552 Π.

255 1574 294 1614 5,
309 1576 374 1615 99.
396 1564 484 1603 Vid.
502 1565 708 1604 Athenaeus
721 1567 812 1605 VII.
828 1581 865 1618 p.
877 1568 968 1617 316.

311 1638 334 1669 g
364 1630 515 1679 Δι’χολοι]
555 1631 739 1668 Erasmus
776 1630 966 1684 corrigen-

255 1684 346 1721 dum
374 1683 523 1722 censuit
551 1685 704 1732 δι’σχωλοι
731 1698 799 1736 per
823 1702 858 1729 ω,
886 1686 968 1724 red-

257 1737 389 1788 ditque
435 1751 522 1776 cum
574 1740 764 1791 Cognato,
814 1746 970 1790 utroque

256 1793 505 1830 claudicantes
531 1795 729 1840 sententiae,
750 1801 789 1831 et
813 1796 970 1846 exponit

257 1845 305 1884 de
326 1845 542 1884 hominibus
560 1847 715 1886 lubricae
736 1848 825 1886 fidei
853 1857 892 1887 et
911 1848 970 1886 in-

256 1908 442 1937 certarum
464 1900 643 1952 partium.
681 1903 825 1940 Verum
846 1903 967 1941 Henr.

256 1954 452 2004 Stephano
486 1968 562 1992 non
593 1956 740 2006 probat,
773 1965 971 2008 propterea

255 2008 356 2059 quod
395 2008 600 2060 subjungat
636 2010 844 2054 Zenobins,
878 2014 970 2061 παρὰ

254 2062 291 2098 τὸ
329 2065 402 2111 διχῇ
431 2063 593 2112 ι’διότροποι
632 2067 725 2101 κατὰ
761 2067 966 2111 μετάληψιν.

255 2115 394 2153 Nodus
423 2115 550 2167 itaque
579 2117 748 2154 nondum
777 2117 831 2155 sic
853 2131 965 2169 expe-

255 2168 369 2205 ditur.
439 2169 526 2220 Ego
568 2170 759 2221 vulgatam
797 2171 964 2219 retine03

256 2235 345 2259 nam
369 2222 583 2273 Hesychius
602 2224 733 2272 δίχολοι,
747 2227 890 2275 διάφοροι
906 2238 968 2263 ex-

256 2277 399 2327 ponit:
445 2285 484 2314 et
516 2277 563 2315 de
595 2279 750 2327 duplicis
785 2281 971 2317 sententia:

256 2329 344 2368 viris
359 2329 519 2381 accipio,
534 2338 578 2369 ut
593 2331 706 2383 paulo
721 2339 811 2370 ante
824 2332 969 2372 dictum

256 2407 326 2438 est.
357 2400 587 2439 scHOTT.
644 2388 752 2450 δισχολ
761 2403 814 2441 Η.

311 2464 333 2492 h
352 2468 426 2515 διχῇ
445 2467 626 2516 ι’διότροποι]
647 2468 862 2519 Hesychius
877 2472 968 2518 δίχα,

255 2518 275 2564 ἢ
295 2521 442 2569 δι’τροποι.
473 2521 694 2572 Apostolius
714 2523 804 2560 VII.
829 2523 893 2561 81.
922 2528 969 2560 οἱ-

256 2574 317 2610 ml
335 2576 482 2623 δίτροποι,
504 2588 591 2612 cum
611 2575 775 2624 Diogen.
795 2577 867 2616 IV.
891 2590 954 2627 32·

310 2636 439 2687 ίΔόρυ]
476 2638 646 2677 Vitiosus
684 2640 743 2679 hic
782 2641 888 2680 locus
925 2656 969 2681 ac

258 2690 427 2737 mutilus,
476 2694 835 2746 rescribendumque
878 2696 970 2734 vidit

255 2746 370 2784 Joan.
393 2746 629 2798 Hartungus,
650 2748 766 2786 homo
794 2750 971 2789 doctissi-

259 2813 355 2844 mus,
376 2799 543 2838 Decuria
560 2802 726 2839 secunda
751 2806 970 2853 πειθανάγκην

257 2859 322 2891 τῶν
339 2854 515 2900 Ἀθηναίων
542 2855 702 2904 λέγουσιν,
725 2868 770 2893 ex
791 2858 966 2908 Hesychii

259 2906 413 2945 Lexico.
471 2909 558 2949 Qua
586 2908 699 2947 etiam
732 2923 822 2948 vooe
855 2911 972 2950 utitur

258 2961 317 3000 M.
338 2960 489 3000 Tullius
520 2961 584 3000 lib.
614 2964 687 3001 IX.
719 2964 764 3001 ad
799 2964 968 3004 Atticum

1025 1135 1151 1187 Epist.
1176 1148 1237 1186 ¹3·
1269 1138 1353 1186 Ego
1379 1150 1454 1175 non
1484 1143 1561 1177 tam
1588 1143 1743 1189 γοητείαν

1028 1190 1137 1238 hujus
1157 1192 1277 1236 timeo,
1298 1204 1408 1240 quam
1426 1195 1661 1243 πειθανώγκην.
1699 1199 1743 1232 ΑΞ

1026 1247 1092 1294 «γὰρ
1137 1250 1201 1282 τῶν
1246 1249 1403 1294 τυράννων
1440 1247 1575 1293 δεήσεις,
1623 1249 1742 1298 inquit

1029 1299 1156 1342 Plato,
1177 1296 1259 1336 οἶσθ’
1282 1299 1331 1336 ’ὅτι
1350 1301 1556 1348 μεμιγμέναι
1575 1305 1742 1352 ἀνάγκαις

1027 1354 1121 1389 εἰσίν.
1179 1352 1312 1390 Utitur
1337 1361 1377 1391 et
1402 1353 1513 1393 simili
1544 1357 1741 1403 Θετταλικῇ

1024 1408 1230 1455 πειθανοίγκη
1248 1405 1425 1445 Julianus
1445 1411 1678 1458 Παραβάτηςε
1701 1418 1741 1449 et

1025 1459 1123 1498 πειθὼ
1162 1463 1338 1510 ἀναγκαία
1375 1460 1479 1499 Dion
1513 1463 1739 1515 Chrysosto-

1027 1526 1123 1559 mus,
1142 1521 1186 1552 ut
1199 1513 1294 1561 vidit
1308 1515 1353 1553 ad
1366 1515 1570 1555 Erasmum
1586 1517 1639 1557 H.
1653 1519 1738 1557 Ste-

1027 1567 1174 1618 phanus
1221 1568 1329 1620 adag.
1382 1571 1549 1608 Armate
1598 1585 1739 1621 preces.

1024 1622 1121 1659 Mox
1143 1635 1295 1673 quoque
1319 1635 1342 1660 e
1366 1622 1483 1662 Suida
1505 1631 1738 1676 παρακαλούν-

1024 1692 1088 1713 των
1106 1676 1382 1727 reponendum,
1402 1685 1442 1716 et
1469 1678 1739 1730 suppiendum,

1025 1729 1079 1768 sic
1107 1730 1209 1768 enim
1237 1729 1302 1769 ille
1319 1746 1326 1768 :
1358 1733 1433 1769 Ἐπὶ
1453 1737 1516 1769 vsu
1535 1734 1611 1782 ἅμα
1626 1750 1740 1786 παρα-

1024 1787 1209 1821 καλούντων
1227 1786 1284 1822 m}
1311 1788 1539 1832 ἀπειλούντων,
1565 1787 1640 1826 hoc
1667 1797 1740 1835 est,

1025 1837 1089 1889 qui
1119 1837 1230 1875 simul
1251 1839 1307 1877 vel
1337 1852 1469 1890 pacem
1499 1841 1663 1880 offerunt
1681 1843 1739 1881 vei

1026 1891 1165 1930 bellurn
1183 1891 1387 1931 minantur.
1416 1894 1632 1945 Depravate
1642 1910 1739 1948 quo·

1025 1958 1100 1996 que
1133 1946 1356 1997 Apostolius
1389 1949 1539 1997 δορῦκειον
1568 1963 1639 2001 pro
1671 1951 1741 2001 δόρυ

1024 2002 1204 2048 κηρύκειονε
1237 2013 1313 2051 quo
1342 2002 1459 2040 modo
1491 2001 1573 2041 sine
1602 2004 1740 2056 copula

1026 2052 1161 2091 Suidas
1173 2055 1322 2098 extulit,
1343 2056 1550 2094 Caduceum
1563 2070 1640 2095 una
1657 2071 1740 2096 cum

1026 2108 1144 2144 hasta.
1201 2108 1304 2145 Nam
1321 2109 1545 2147 Eustathius
1565 2110 1603 2148 in
1625 2117 1678 2149 Ιλ.
1696 2112 1738 2159 ζ’.

1028 2162 1092 2210 [ιγ’.
1132 2174 1168 2211 p.
1207 2162 1321 2210 408.]
1357 2170 1398 2200 et
1429 2163 1659 2212 Hesychius,
1697 2174 1739 2203 ut

1028 2222 1169 2260 noster,
1190 2228 1277 2252 cum
1300 2216 1587 2268 conjunctione.
1621 2246 1629 2251 -
1646 2218 1740 2257 Huc

1026 2275 1153 2306 autem
1174 2268 1341 2319 pertinet
1359 2271 1406 2308 B.
1428 2269 1652 2324 Hieronymi
1681 2272 1738 2311 lo-

1025 2333 1092 2359 cus
1120 2322 1246 2374 Epist.
1276 2324 1323 2361 ad
1352 2323 1640 2365 Liieiferianost
1681 2327 1739 2364 Tu

1023 2388 1153 2425 pacem
1189 2390 1269 2415 cum
1307 2383 1410 2416 scuto
1446 2382 1553 2428 petis,
1592 2385 1629 2418 et
1673 2392 1739 2419 noe

1027 2431 1130 2467 olivae
1177 2444 1322 2469 ramum
1366 2434 1496 2481 gladio
1534 2436 1737 2473 inserimus.

1026 2484 1087 2521 De
1116 2498 1192 2534 quo
1218 2485 1337 2523 altero
1363 2487 1601 2538 supplicandi
1621 2488 1738 2527 modo

1026 2551 1095 2575 nos
1129 2538 1299 2589 pluribus
1328 2539 1376 2577 ad
1404 2541 1527 2580 Procli
1552 2543 1736 2581 Chresto-

1026 2592 1223 2631 mathiam.
1292 2593 1518 2645 Respexisse
1561 2609 1647 2634 vero
1690 2598 1737 2636 B.

1027 2645 1284 2698 Hieronymus
1298 2647 1345 2685 ad
1357 2648 1515 2687 alterum
1532 2648 1624 2688 illud
1637 2651 1736 2703 apud

1026 2699 1183 2738 Suidarn
1204 2701 1446 2753 proverbium
1466 2703 1659 2742 videatur:
1681 2709 1739 2741 Ἔν

1024 2757 1145 2803 μύρτου
1161 2776 1173 2781 ἡ
1190 2758 1301 2803 κλάδῳ
1347 2757 1386 2793 τὸ
1430 2755 1523 2809 ξίφος
1571 2760 1737 2808 κρατήσει.

1026 2806 1254 2846 SCHOT'I'.
1720 2822 1722 2825 ·

1081 2859 1104 2889 k
1129 2865 1368 2913 πειθανάγκην]
1406 2867 1564 2911 τιθανάην
1602 2866 1647 2905 P.
1682 2866 1736 2904 Η.

1027 2915 1112 2952 edd.
1129 2923 1219 2954 vett.
1241 2917 1498 2957 Emendatum
1519 2927 1578 2958 est
1592 2932 1636 2958 ex
1654 2919 1735 2958 He-

1027 2968 1167 3019 sychio.
