1846 3302
125 977 180 1021 16

129 1301 178 1345 17

186 231 268 274 vl.

182 369 313 412 μενον.

783 230 1069 273 ΖΕΝΟΒῙΙ.

1594 233 1676 290 381

379 348 880 411 YOOen.aeapoemacO'v*1vaa‚
903 346 1152 410 τῆνῶγαθῇν
1175 349 1284 409 ἡμῶν
1309 348 1462 413 ἡμέραν
1486 348 1680 412 λεγόντων
1694 361 1733 394 A

185 427 232 476 ἐκ
253 432 331 485 τῆς
357 426 568 491 φαρέτρας
602 420 717 473 εἶναι.
788 422 875 472 Καὶ
900 425 1127 490 Μένανδρος
1150 425 1194 474 δὲ
1215 423 1347 486 φησιν
1370 426 1409 474 ἓν
1431 425 1683 494 ’Λευκαδίᾳ

184 504 259 563 τὴν
278 504 434 568 ἀγαθὴν
454 504 607 568 ἡμέραν
629 503 782 562 λευκὴν.
798 507 1032 551 καλεῖσθαι.

120 597 175 638 14
251 581 311 631 Τί
337 603 409 631 201
439 604 465 630 o
494 582 727 630 ἈιιόΑΛειΝ
765 582 1108 636 κειιοένικεκς
1144 579 1206 629 Ta
1241 581 1572 639 aureliana,
1596 581 1687 641 οἷον,

187 659 480 723 ἐμαντεύσατο·
518 659 569 713 ὧς
593 658 725 720 φησὶν
749 660 996 724 εΞιΑἶσχύλος
1019 660 1058 708 ἔν
1081 659 1228 708 Αἴαντι
1252 665 1408 725 Λοκρῷ.

121 749 176 796 15
254 738 412 787 'nterii
446 758 518 787 801
558 739 634 787 asi
674 740 827 788 [Ii-ou
865 740 942 788 imi
978 739 1163 787 ΔέΛιΛε
1203 742 1266 785 ’.Η
1299 738 1500 802 παροιμίαι
1534 738 1736 804 εἴρηταιΒ

189 814 256 866 ἐπὶ
285 823 363 866 τᾶν
393 814 557 865 ὕστατα
583 815 652 865 καὶ
687 824 911 866 τελευταῖα
942 817 1163 866 ποιούντων.
1234 815 1456 879 Μέμνηται
1489 818 1532 865 δὲ
1563 817 1690 876 αὐτῆς

190 895 433 960 Μένανδρος.

502 894 618 943 Φασὶ
642 896 700 954 δὲ,
725 895 785 944 ὅτι
811 898 1088 962 Πολυκράτης
1110 896 1159 944 bo‘
1182 895 1347 959 Σαμίων
1415 898 1446 927 ‘¹⁸⁵
1513 898 1544 927 *
1612 898 1643 927 *

260 974 413 1022 ‘'114st
437 975 608 1023 ΜᾶΔοΣ
633 974 687 1023 oi·
708 975 928 1024 ommi-5131:
964 974 1220 1040 Δικαίαρχος
1254 971 1399 1034 φησὶν,
1422 972 1484 1021 ὅτι
1511 973 1693 1036 μελλού-

192 1073 272 1108 σης
293 1057 367 1112 τῆς
391 1053 544 1118 Ξέρξου
567 1053 789 1118 στρατείας
813 1053 1015 1117 γίνεσθαι,
1041 1054 1080 1102 οἷ
1110 1056 1320 1111 ’Έλληνες
1342 1050 1583 1116 ἀπογνόντες
1617 1058 1694 1111 τῆς

191 1129 439 1196 ασωτηρίας,
483 1131 561 1184 τὰς
609 1130 752 1186 οὐσίας
803 1131 932 1179 αὐτῶν
976 1132 1207 1192 ἀνήλισκον,
1254 1130 1526 1195 ἐπιλέγοντες,
1565 1130 1692 1178 'raia
1708 1148 1739 1182 c

195 1209 366 1257 Mfion
390 1208 444 1257 0⁶1⁴·
466 1209 675 1257 ῡτΛᾸΕΕι.

259 1286 319 1335 Τί
367 1286 451 1336 οἰκ
497 1285 702 1346 zimino,
752 1287 829 1336 ins
877 1288 1094 1337 erinium
1142 1286 1262 1336 §mx
1311 1287 1481 1342 minam
1525 1286 1695 1346 Ταύτης

248 1406 270 1428 ⁸
325 1401 912 1450 Λευκαδίῳ-φησὶν-καλεῖσθαι]

194 1455 672 1505 Δινκοδίᾳ-φασι-καλεῒ
694 1454 918 1493 Meinekius

194 1509 239 1547 F.
259 1509 446 1547 Menand.
467 1522 504 1560 p.
525 1520 612 1558 ¹07·

251 1569 274 1591 ⁸
310 1563 493 1611 Αἰσχύλος]
544 1562 747 1614 Sophoclis
784 1563 918 1601 eadem

197 1616 383 1669 tragoedia
412 1629 527 1668 supra
550 1616 705 1655 laudata
733 1619 845 1656 Cent.
866 1619 917 1656 V.

197 1671 308 1724 adag-
326 1672 393 1721 98.
438 1671 513 1709 Sed
541 1670 579 1708 hi
610 1671 744 1723 tragici
768 1680 808 1710 et
832 1685 920 1710 sen-

198 1725 354 1770 tentias,
393 1734 437 1763 ut
482 1724 659 1772 diximus,
699 1735 739 1764 et
787 1725 920 1765 titulos

198 1793 301 1832 saepe
382 1793 609 1818 communes
691 1781 919 1819 habuerunt.

199 1834 430 1874 SCHO'IT.
470 1837 638 1886 Σοφοκλῆς
656 1848 716 1887 ap.
738 1834 919 1874 Dindorf.

201 1903 241 1927 n.
263 1889 325 1928 18.

256 1941 280 1973 b
307 1943 493 1993 ὅΣαμίυν]
515 1942 603 1982 Nisi
627 1943 718 1995 quid
741 1943 921 1994 judicans

200 1997 326 2041 fallor,
364 1996 461 2035 nihil
501 1997 566 2036 hic
603 1998 688 2050 opis
725 1999 922 2037 adferente

201 2051 405 2098 Vaticano,
426 2060 493 2090 aut
512 2052 695 2105 insignite
719 2061 921 2105 corruptus

200 2105 265 2145 hic
292 2106 400 2145 locus
428 2115 500 2151 est,
520 2115 586 2144 aut
614 2115 718 2145 certe
747 2108 922 2146 turbatus

202 2173 247 2200 ac
267 2159 438 2204 mutilus,
460 2169 502 2199 ut
521 2175 607 2212 quae
626 2161 735 2200 uncis
760 2161 920 2200 inclusi·

203 2228 303 2260 mus,
322 2222 363 2254 et
390 2215 580 2254 asteriscis
608 2215 855 2267 signavimus,
876 2229 923 2255 ea

203 2269 359 2309 alterius
378 2282 462 2308 esse
486 2270 672 2322 proverbii
692 2270 920 2309 existimem.

205 2323 344 2363 Suidas
373 2323 476 2362 enim
511 2323 550 2361 in
583 2327 698 2362 Πύθια
725 2327 784 2363 καὶ
814 2326 925 2370 Δήλια

204 2378 281 2416 alia
298 2378 423 2416 adfert
441 2378 490 2416 de
508 2378 707 2430 Polycrate
734 2379 846 2417 ludos
865 2379 922 2417 fa·

205 2432 343 2477 ciente,
382 2445 469 2483 quae
515 2440 555 2471 et
592 2431 821 2483 Apostolius
867 2442 927 2472 est

207 2495 403 2525 mutuatus
425 2487 575 2537 [XVII.
595 2488 680 2537 95.]
705 2488 926 2538 adduntque

207 2541 423 2593 Epicurum
461 2541 639 2593 Epistola
681 2542 728 2579 ad
773 2542 925 2580 Idome-

206 2609 322 2634 neum
353 2596 426 2634 hoc
444 2609 555 2634 usum
575 2595 724 2648 adagio,
744 2596 848 2647 quod
867 2604 925 2634 ta-

209 2663 299 2689 men
321 2663 400 2688 non
421 2649 587 2702 reperias
607 2648 647 2688 in
663 2663 709 2688 ea
722 2664 837 2702 quam
858 2650 926 2688 lib.

207 2705 262 2743 X.
298 2705 474 2743 Laertius
521 2703 667 2743 recitat.
743 2706 927 2743 Erasmus

209 2758 369 2797 Suidam
388 2768 543 2797 secutus
560 2760 601 2797 in
621 2758 714 2799 dict.
733 2762 858 2798 Ταῦτά
875 2777 927 2797 σοι

208 2814 268 2850 καὶ
314 2815 429 2851 Πύθια
465 2814 523 2850 καὶ
560 2814 683 2859 Δήλια.
731 2813 832 2853 Cbil.
871 2814 926 2852 ῙῙ.

211 2867 328 2905 Ceut.
351 2867 419 2905 vl.
440 2867 550 2919 adag.
573 2868 637 2906 80.
658 2867 714 2907 sic
733 2868 811 2906 ait:
845 2869 927 2906 Na-

212 2927 291 2958 tum
308 2923 416 2958 aiunt
434 2922 482 2959 ab
499 2924 652 2960 oraculo
665 2925 826 2973 quodam
844 2925 929 2961 red-

212 2977 292 3013 dito
312 2976 506 3025 Polycrati
524 2977 738 3015 Samiorum
757 2983 927 3028 tyranno.

217 3031 316 3068 Nam
345 3032 376 3068 is
398 3037 639 3082 posteaquam
661 3033 853 3071 Rheneam
872 3034 928 3070 in-

973 1402 1094 1438 sulam
1119 1402 1282 1450 cepisset,
1304 1413 1459 1450 eamque
1487 1413 1695 1438 consecras-

972 1461 1028 1493 set
1051 1456 1234 1504 Apollini,
1256 1457 1464 1492 constitutis
1491 1456 1595 1505 apud
1613 1455 1696 1492 De-

976 1511 1054 1547 lum
1101 1510 1197 1547 ludis
1235 1510 1484 1559 pulcerrimis,
1527 1510 1698 1558 Delphos

978 1566 1088 1608 misit,
1110 1565 1353 1608 consulturos,
1368 1568 1493 1600 utrum
1512 1568 1698 1612 oporteret

976 1631 1036 1656 eos
1054 1619 1160 1656 ludos
1179 1619 1297 1655 Delos
1322 1631 1372 1655 an
1394 1618 1551 1667 Pythias
1569 1619 1698 1667 appel-

978 1674 1072 1710 lare.
1124 1673 1327 1721 Respondit
1349 1673 1554 1716 oraculum,
1574 1673 1699 1710 Ταῦτά

977 1743 1029 1765 σοι
1058 1728 1116 1764 καὶ
1145 1729 1254 1764 Πύθια
1283 1728 1341 1764 καὶ
1374 1727 1499 1772 Δήλια,
1514 1725 1697 1776 futurum

978 1783 1143 1826 innuens,
1165 1787 1207 1818 ut
1227 1783 1442 1831 propediem
1463 1782 1651 1818 excederet
1678 1793 1700 1818 e

977 1838 1058 1873 vita
1075 1852 1086 1870 .·
1134 1837 1243 1885 idque
1288 1838 1420 1874 evenit.
1465 1835 1696 1874 SCHOTT.

978 1891 1071 1928 Post
1100 1893 1234 1937 Σαμίων
1261 1889 1395 1928 folium
1424 1889 1481 1928 vel
1513 1891 1695 1928 amissum

977 1944 1035 1982 vel
1055 1945 1344 1996 transpositum.
1374 1945 1478 1982 Nam
1499 1957 1586 1995 quae
1606 1943 1695 1982 edd.

978 1998 1106 2036 statim
1141 1998 1335 2043 exhibent,
1370 2012 1416 2037 ea
1445 1998 1698 2050 proculdubio

978 2053 1024 2091 ad
1047 2054 1078 2091 1.
1093 2065 1158 2103 30.
1180 2053 1385 2105 pertinent,
1401 2066 1491 2104 quo,
1507 2052 1700 2091 sententia

978 2116 1176 2159 poscente,
1215 2107 1479 2160 relegavimus.
1527 2107 1615 2145 Vid.
1649 2108 1696 2145 B.

980 2163 1071 2213 894.
1147 2163 1194 2201 In
1227 2164 1269 2201 P.
1301 2163 1354 2201 H.
1385 2163 1423 2200 h.
1454 2162 1478 2199 l.
1510 2162 1699 2200 continuo

978 2225 1190 2269 sequuntur
1210 2218 1261 2255 11.
1284 2228 1463 2267 37-59,

1032 2281 1052 2301 ⁰
1070 2274 1160 2310 Τάδε
1178 2273 1305 2321 Μῆδος]
1333 2272 1476 2309 Vereor
1495 2283 1544 2308 ne
1562 2274 1699 2308 ἀνιστο-

980 2330 1079 2376 ρησία
1107 2325 1180 2364 sit:
1214 2326 1436 2364 Herodotus
1464 2324 1583 2368 enim,
1608 2325 1698 2362 Plu-

981 2380 1148 2425 tarchus,
1179 2379 1418 2425 Aristoteles,
1437 2388 1477 2419 et
1504 2378 1700 2417 Maximus

981 2433 1133 2486 Tyrius,
1172 2435 1370 2473 oraculum
1407 2434 1537 2472 datum
1575 2432 1699 2477 aiunt,

983 2497 1026 2526 ut
1049 2488 1188 2540 ligneis
1216 2501 1257 2527 se
1288 2489 1479 2527 moenibus
1498 2487 1702 2540 cingerent

982 2542 1250 2588 Athenienses,
1289 2543 1393 2594 quod
1421 2542 1702 2581 Themistocles

983 2597 1033 2636 de
1071 2596 1290 2636 triremibus
1321 2596 1467 2636 dictum
1502 2595 1700 2649 persuasit,

982 2659 1023 2691 et
1055 2651 1104 2690 ad
1130 2652 1360 2690 Troezenem
1392 2665 1438 2691 ac
1468 2650 1702 2690 Salaminem

982 2720 1070 2745 cum
1132 2705 1361 2759 conjugibus
1418 2712 1702 2745 concesserunt.

982 2763 1128 2800 Auctor
1152 2760 1302 2807 Cicero,
1322 2774 1367 2800 ac
1394 2762 1529 2813 Nepos
1558 2761 1704 2797 Corne-

981 2815 1068 2855 lius.
1098 2815 1329 2854 SCHOTT.

1037 2868 1062 2899 d
1079 2874 1205 2908 ἑαυτῶν
1223 2871 1385 2922 σωτηρίας
1401 2872 1465 2912 τὰς
1482 2867 1611 2916 οὐσίας]
1634 2883 1703 2904 σω-

983 2927 1108 2976 τηρίας,
1128 2927 1190 2969 τὰς
1215 2928 1328 2969 οὐσίας
1346 2928 1456 2962 αὐτῶν
1474 2923 1519 2960 Ρ.
1539 2922 1582 2960 F.
1602 2929 1643 2959 et
1662 2921 1703 2958 ni

983 2979 1096 3018 fallor
1117 2979 1171 3018 H.
