1852 3308
0 1072 2 1075 Ι
80 1022 138 1077 96
216 1016 388 1066 ί’Λὶιωιι
438 1018 567 1066 ΛίΝαι
616 1019 887 1067 trudaris-‚122

148 205 229 249 1v.
744 209 1027 253 ZENOBII.

1539 223 1622 270 337

147 319 218 368 καὶ
249 319 317 370 τὸν
344 314 474 386 Λιμόν
507 323 812 379 ἐξιλεῶσασθαι.
882 325 941 371 Oi
969 325 1012 372 δὲ
1045 327 1233 382 Ἀθηναῖοι
1261 326 1407 384 ἀνῆκαν
1440 325 1547 391 αὐτῷ
1580 325 1671 373 τόΑ

147 396 306 446 ὄπισθεν
326 405 397 448 τοῦ
418 400 651 465 πρυτανείου
674 399 846 450 bveBa'ov.

79 483 138 527 94
216 477 383 526 “Amal
419 478 632 527 MnAim:
669 478 896 545 Παροιμῖα·
933 479 1020 527 ἐπεὶ
1059 485 1249 538 Ἀθηναῖοι
1286 480 1493 528 ἐκάκωσαν
1531 485 1629 538 Μη-

35 557 38 558 ’
149 551 261 606 λιόυς
282 560 580 619 πολιορκοῦντες
604 556 643 603 ἔν
666 561 790 622 λιμῷ,
813 556 864 610 ὦς
887 556 1140 616 Θουκυδίδης
1163 557 1201 605 ἔν
1223 562 1277 622 τῇ
1301 570 1332 605 ἓ.

79 632 136 680 95
215 629 403 679 ΛίΝΔιοι
438 630 529 679 'nin
565 632 754 682 ernian:
791 633 1006 699 Παροιμίαι
1040 632 1104 682 ἐπὶ
1130 640 1204 682 τῶν
1227 634 1451 697 δυσφήμους
1485 634 1631 698 ἱερουρ-

146 705 327 771 γούντων.
400 707 495 756 Ἆπό
521 711 774 775 Ἡρακλέους
798 712 836 759 ἓν
858 709 986 777 Λίνδῳ
1014 717 1111 768 βοῦν
1133 711 1476 765 ᾶοῖποσπάσαντος·
1507 724 1675 775 γεωρ-Β

147 790 237 848 γοῢ,
275 783 346 833 καὶ
391 786 682 849 θοινησαμένου,
723 793 793 836 τοῦ
834 788 875 836 δὲ
919 794 1095 853 γεωργοῦ
1140 789 1456 854 θλοιὸορουμένου
1496 787 1630 836 αὗτὸν.

145 865 268 910 Ὅθεν
290 860 359 910 καὶ
381 863 530 912 Λίνδιοι
555 867 665 913 κατὰ
685 863 874 930 χρησμὸν
897 864 995 914 οὕτω
1018 867 1171 914 θύουσιν
1196 870 1408 930 Ἠρακλεῖ
1436 865 1631 931 λοιδορού-

147 960 273 1003 μενοι.

941 1018 1154 1084 Παροιμία
1200 1019 1266 1068 ἐπὶ
1310 1025 1385 1067 τῶν
1429 1019 1485 1068 τὰ
1524 1019 1631 1068 αὐτὰ

147 1094 420 1161 πρασσόντων.
1644 1108 1674 1141 C

81 1184 134 1229 97

218 1174 436 1222 ‘onm‘iu
473 1172 710 1221 tinemut
748 1170 977 1238 Παροιμίαι·
1014 1175 1212 1222 τάττεται
1241 1173 1285 1222 δὲ
1315 1172 1380 1221 ἐπὶ
1407 1179 1483 1220 τῶν
1503 1194 1633 1238 παρα-

149 1305 193 1352 τῇ
226 1303 400 1352 εἴρεσιόνῃ,
427 1299 463 1339 ὃν
491 1303 754 1352 καταφεύγοντα
790 1305 866 1345 ταῖς
920 1300 1189 1340 Nazianzenus
1219 1301 1414 1340 Invectiva
1442 1301 1481 1340 in
1509 1302 1535 1339 J
1538 1301 1631 1340 ulia-

148 1357 329 1398 πλατάνοις
346 1355 411 1393 ἀπὸ
430 1360 487 1393 τοῦ
505 1355 753 1404 συμβεβηκότος
770 1360 865 1403 λιμοῦ
920 1369 1013 1393 num
1061 1355 1190 1400 altera,
1237 1356 1445 1406 interprete
1491 1355 1630 1394 Billio:

149 1410 253 1446 πεδίον
270 1411 452 1446 ἐκάλεσαν.
496 1409 542 1446 In
563 1410 622 1447 his
637 1407 672 1446 z»
690 1412 866 1459 καταφεύ-
926 1410 1084 1447 Ubinam
1113 1416 1154 1447 ut
1178 1411 1279 1458 apud
1303 1411 1456 1447 Lindios
1482 1410 1633 1447 Buthoe.

149 1477 254 1512 γοντα
270 1469 344 1500 etc.
364 1461 634 1500 emendatione
652 1462 841 1512 indigent.

920 1476 1007 1500 nam
1045 1466 1208 1501 execrari
1252 1477 1296 1500 ac
1334 1466 1425 1500 diris
1461 1466 1634 1501 devovere

204 1513 395 1567 buum]
416 1515 572 1567 Legisse
590 1516 791 1554 Schottum
806 1533 865 1553 ἰτε-
916 1518 1021 1566 pium
1059 1517 1240 1554 habetur:
1269 1519 1390 1566 sicque
1427 1518 1534 1554 Deus
1570 1518 1634 1554 ille

150 1572 214 1608 δίον
230 1581 275 1608 ex
294 1570 466 1608 versione
485 1570 682 1621 probabile
701 1578 772 1608 est.
813 1570 867 1606 Et

151 1622 206 1662 sic
234 1622 329 1661 citat
354 1622 549 1661 Meursius
572 1624 665 1661 Ath.
688 1624 766 1661 Att.
788 1624 864 1661 111.

153 1686 192 1726 7.
212 1690 251 1728 p.
278 1686 365 1727 159.
386 1685 568 1728 tanquam
588 1690 632 1715 ex
651 1677 865 1728 Apostolio.

207 1739 227 1760 ⁰
245 1736 341 1779 Λιμῷ
359 1732 495 1780 Μηλίῳ]
511 1730 661 1775 suidas,
678 1732 772 1779 λιμὸς
789 1736 866 1775 Μη-

151 1789 278 1829 aaaron
310 1783 499 1835 aliamque
528 1785 644 1822 babet
676 1785 723 1822 de
754 1783 866 1822 Nicia

151 1838 250 1877 duce
294 1837 508 1882 historiam,
551 1837 779 1890 subjicitque
825 1845 866 1875 et

152 1893 253 1930 hanc
279 1891 455 1930 Zenobii.
498 1891 692 1943 Aristoph.
715 1891 754 1929 in
774 1892 863 1930 Avi·

153 1946 226 1984 bus
253 1946 385 1996 [186.]
400 1949 478 1989 Τοὺς
497 1948 524 1984 δ’
544 1943 587 1983 αὖ
608 1948 693 1990 θεοὺς
710 1950 866 1983 ἀπολεῖτε

152 2004 240 2048 hp&
262 1999 396 2047 Μηλίῳ.
451 1999 693 2051 Thucydides
711 2012 799 2037 vero
814 1999 866 2040 ‘de

153 2053 408 2105 legationibus
436 2053 539 2091 ultro
572 2053 743 2103 citroque
776 2052 865 2091 mis-

154 2105 206 2145 sis
223 2107 289 2146 lib.
301 2108 350 2144 V.
376 2106 521 2159 Adjicit
534 2120 620 2145 vero
632 2107 756 2145 Vatic.
770 2111 814 2144 Οἱ
831 2106 864 2144 δὲ

154 2161 277 2207 Μήλιοι
303 2164 552 2210 πολιορκούμενοι
577 2166 664 2209 λιμῷ
691 2162 750 2198 ὑπὸ
767 2163 868 2207 Ἀθη-

154 2215 250 2252 ναίων
294 2215 496 2260 ἐπιέσθησαν
534 2216 592 2252 καὶ
637 2217 869 2264 προδεδώκασιν

155 2269 300 2311 ἑαυτούς.
349 2269 473 2305 Melus
500 2276 627 2306 autem
655 2281 732 2305 una
749 2281 771 2305 e
791 2269 867 2318 Cy-

154 2320 327 2359 cladibus
362 2322 486 2360 Cretae
525 2320 659 2366 vicina,
692 2321 868 2372 Diagorae

154 2373 376 2426 philosophi
395 2375 529 2425 patria,
548 2382 645 2413 teste
660 2375 868 2425 Stephano.

154 2428 383 2466 SCHOTT.

209 2479 231 2510 (ι
249 2482 526 2530 &mardeau-tog]
550 2484 799 2525 ἔτισα-ἄσαντος
815 2481 867 2519 Η.

209 2542 229 2563 ⁸
271 2537 499 2587 λοιδορουμένου
535 2536 651 2584 αὐτὸν]
694 2534 867 2574 Vatican.

155 2588 287 2628 addit.
279 2604 288 2612 ·
318 2588 388 2633 ἔθος
414 2588 513 2636 ἔσχον
532 2593 701 2638 *Ηρακλεῒ
722 2596 771 2626 λοι
773 2591 868 2637 8⁰pr-

155 2646 253 2682 σθαι.
304 2642 407 2681 Ὅθεν
425 2646 482 2680 καὶ
500 2645 546 2680 Δι’
544 2644 630 2686 uam
651 2643 722 2680 &c.
773 2642 869 2680 His-

155 2696 292 2735 toriam
326 2697 374 2734 de
404 2695 572 2734 Hercule
607 2694 735 2732 Lindii
769 2694 867 2747 agri-

155 2750 250 2788 colae
282 2751 399 2788 boves
431 2763 499 2800 per
534 2749 642 2787 nefas
678 2757 868 2787 mactante

155 2805 271 2842 refert
298 2803 437 2841 diserte
465 2802 531 2840 lib.
552 2803 586 2841 1.
606 2802 778 2840 Institut.
807 2803 865 2841 di-

156 2856 327 2895 vinarum
353 2856 595 2901 Lactantius,
616 2855 867 2895 Philostratus

155 2910 316 2949 Iconum
351 2910 416 2948 lib.
442 2910 496 2948 11.
525 2918 566 2948 et
593 2910 733 2948 Conon
765 2910 868 2962 apud

156 2964 338 3003 Photium
371 2965 525 3003 Narrat.
554 2964 630 3002 xl.
662 2963 802 3003 Allusit
829 2974 868 3003 et

921 1572 1057 1619 optime
1084 1572 1231 1614 colitur,
1250 1572 1282 1606 si
1310 1572 1467 1608 convitia
1490 1573 1530 1608 in
1550 1583 1634 1608 eum

922 1629 959 1661 et
1002 1625 1197 1661 maledicta
1243 1623 1496 1671 conjiciantur.
1556 1623 1634 1662 Ubi

922 1676 1026 1714 Elias
1057 1676 1287 1715 Scholiastes
1320 1678 1388 1714 Gr.
1413 1678 1633 1715 Buthoenam

921 1730 1127 1768 Herculem
1147 1729 1316 1780 exponit.
1347 1731 1577 1770 SCHOTT.

975 1782 991 1811 f
1014 1786 1105 1821 Λίνον
1132 1787 1184 1822 λίν
1185 1786 1226 1834 φ]
1259 1783 1394 1822 Suidas
1420 1786 1473 1822 ετι
1497 1790 1563 1822 τῧν
1585 1787 1634 1822 τὰ

919 1837 1015 1887 δἰμοα
1047 1842 1098 1875 ἐπι
1089 1840 1290 1886 ιμιγνύντων,
1325 1840 1363 1875 in
1396 1851 1455 1875 eos
1487 1840 1550 1888 qui
1582 1841 1633 1876 si-

920 1893 1024 1929 milia
1047 1894 1286 1929 commiscent.
1334 1892 1470 1930 Utitur
1487 1892 1634 1930 Aristo·
1662 1890 1679 1906 ”

921 1946 1014 1983 teles
1041 1945 1107 1983 lib.
1126 1946 1202 1983 III.
1224 1945 1277 1994 [c.
1299 1946 1355 1994 6.]
1376 1951 1460 1983 Φυσι
1461 1962 1493 1983 κ.
1512 1949 1634 1996 ἀκροά-

921 2016 1014 2043 σεως,
1054 1999 1163 2036 Plato
1199 2000 1239 2037 in
1277 1999 1535 2050 Eufflydemo,
1577 2001 1632 2050 [p.

925 2053 1001 2102 298
1015 2053 1079 2102 C.]
1102 2061 1142 2090 et
1161 2051 1200 2090 in
1219 2065 1306 2090 eum
1324 2053 1450 2091 locum
1465 2053 1633 2091 Proclus.

922 2107 1151 2145 SCHOTT.
1206 2106 1298 2145 Vid.
1324 2107 1451 2145 Schol.
1481 2107 1633 2145 Platon.

924 2174 961 2211 p.
981 2161 1049 2210 98.
1078 2159 1236 2199 Aristid.
1256 2174 1294 2210 p.
1317 2172 1408 2210 501.
1433 2160 1635 2199 Heindorf.

923 2214 972 2252 ad
991 2214 1089 2251 Plat.
1108 2214 1279 2265 Euthyd.
1302 2228 1339 2265 p.
1361 2214 1453 2263 389.

979 2276 1002 2307 ἕ
1022 2268 1164 2317 Λοκρόν]
1183 2268 1331 2306 Eadem
1350 2266 1576 2306 Eustathius
1594 2268 1635 2305 in

926 2320 1090 2358 Homeri
1112 2321 1302 2359 Boeotiam
1326 2323 1382 2372 [p.
1403 2323 1510 2371 275.]
1545 2321 1636 2359 His-

924 2375 1060 2412 toriam
1079 2374 1127 2412 de
1156 2374 1292 2412 Siculis
1319 2383 1359 2412 et
1381 2375 1637 2413 Locrensibus

925 2427 1041 2465 refert
1067 2440 1089 2465 e
1117 2428 1289 2479 Polybio,
1309 2436 1348 2466 et
1372 2428 1550 2479 Polyaeno
1568 2428 1636 2467 lib.

926 2482 994 2519 VI.
1025 2480 1130 2519 Paul.
1160 2482 1383 2532 Leopardus
1419 2481 1636 2520 Miscellan.

924 2534 991 2573 lib.
1013 2535 1063 2573 V.
1094 2547 1179 2586 cap.
1207 2547 1247 2583 4.
1294 2536 1329 2573 E
1360 2534 1480 2573 Suida
1508 2544 1635 2574 autem

922 2590 1202 2639 παρακρουομένων
1234 2589 1483 2640 reposuimus).
1526 2589 1635 2639 [Scil-

922 2643 1184 2691 παρακουομένων
1207 2643 1293 2680 edd.
1313 2644 1356 2680 F.
1378 2643 1514 2692 Brub.]
1566 2643 1637 2680 Illa

922 2708 1015 2733 vero
1028 2697 1230 2743 ἀναβιβάζει
1245 2699 1280 2734 δὲ
1291 2699 1364 2740 τοὺς
1380 2697 1514 2746 χρόνους,
1529 2695 1636 2747 quasi

922 2749 998 2787 huc
1037 2748 1196 2787 minime
1237 2749 1470 2801 pertinentia
1507 2749 1636 2787 omisit

922 2803 1106 2841 Erasmus
1133 2811 1172 2842 et
1195 2803 1434 2855 Leopardus.
1492 2801 1636 2839 Reddit

922 2858 1142 2908 Cognatus:
1173 2859 1329 2906 imponit
1356 2869 1442 2895 vero
1461 2857 1634 2904 tempori-

923 2911 999 2948 bus.
1042 2911 1141 2948 Vide
1160 2910 1229 2948 inf.
1250 2912 1359 2960 Λοκροὶ
1377 2913 1440 2953 τὰς
1458 2909 1632 2954 συνθήκας.

923 2964 1152 3002 SCHOTT.

986 3041 1066 3067 XX
