1852 3308
300 220 359 247 xx
872 208 1219 251 PRAEFATIO

300 323 438 384 adag.
466 326 543 374 87.
579 325 708 383 quod
745 325 1011 371 Christiani
1049 341 1150 372 esse
1186 325 1413 379 hominis,
1453 339 1549 370 non
1587 323 1786 370 Chaero-

300 400 461 445 nensis
503 400 794 461 philosophi,
841 405 1038 448 clarum.
1122 402 1263 448 Certe
1304 402 1355 447 in
1396 417 1541 448 censu
1587 416 1786 461 operum

303 477 554 524 Plutarchi
578 494 731 539 neque
757 479 1010 539 Lamprias
1036 479 1268 541 agnoscit,
1293 495 1379 524 nec
1410 495 1521 539 quae
1553 479 1605 524 in
1634 478 1788 524 mani-

304 554 392 600 bus
417 560 531 600 sunt
555 570 700 614 opera
724 558 881 602 volam
906 563 991 602 aut
1014 557 1273 620 vestigium
1297 572 1400 616 prae
1426 572 1475 602 se
1497 556 1675 602 ferunt.

82 637 209 669 Suidas-
372 631 445 676 De
471 632 635 678 Suidae
661 632 990 688 Collectaneis,
1015 636 1075 680 ad
1100 650 1156 680 ea
1179 650 1289 695 quae
1313 634 1382 680 ibi
1405 634 1639 694 praefatus
1663 649 1787 688 sum,

302 708 422 754 illud
451 709 583 755 brevi
611 711 902 764 testandum,
938 711 1199 757 correxisse
1234 727 1328 756 non
1365 726 1476 756 raro
1510 710 1788 770 interpretis

304 788 559 846 σφάλματα,
598 794 646 832 et
682 787 1028 847 Aristophanis
1066 790 1169 835 loca
1215 794 1360 849 atque
1400 787 1636 848 Hesychii
1681 787 1790 833 dili-

303 869 473 925 genter
510 865 778 919 adnotasse,
813 866 930 911 dum
966 881 1077 925 quae
1113 881 1236 912 nova
1270 867 1470 925 prodeat
1504 863 1666 918 editio,
1690 864 1790 910 sive

304 941 337 986 J
341 941 458 995 unii,
504 941 603 987 sive
651 941 802 988 Porti.
891 942 1185 989 Promiserat
1244 943 1372 989 enim
1429 948 1647 1002 uterque,
1703 957 1791 987 nec

304 1018 445 1063 dictis
469 1019 584 1063 fides
609 1018 726 1064 satis
751 1019 983 1065 constitit.
1055 1020 1272 1080 Scriptus
1297 1021 1424 1066 enim
1451 1018 1616 1065 Suidae
1642 1019 1792 1065 codex

306 1101 484 1142 nostrae
527 1095 859 1151 Bibliothecae,
901 1112 997 1142 non
1039 1098 1236 1156 optimae
1277 1103 1350 1143 est
1391 1101 1536 1150 notae,
1574 1101 1791 1141 vetustus

306 1178 482 1218 tamen.
556 1171 804 1232 Quidquid
829 1178 992 1218 tamen
1016 1179 1088 1219 est
1111 1173 1402 1233 praestitum,
1439 1187 1608 1233 aequus
1642 1174 1793 1253 lector

309 1246 548 1310 συγγνώμην
570 1248 820 1312 πρωτοπείρω
842 1250 991 1304 dabit,
1015 1250 1223 1311 bonique
1247 1253 1475 1297 consulet.

88 1335 230 1369 Michael
379 1326 611 1372 Restabat
637 1327 786 1373 Mich.
811 1327 1094 1386 Apostolius
1121 1328 1393 1388 Byzantius
1429 1330 1487 1374 de
1523 1326 1793 1381 Paroemiis,

87 1379 260 1422 AP⁰⁵t⁰l¹u
263 1390 365 1448 s'ut
397 1405 500 1464 jam
542 1404 770 1458 diximus,
806 1406 864 1449 de
906 1420 1002 1464 quo
1043 1405 1146 1466 ejus
1183 1405 1311 1451 filius
1349 1406 1550 1465 epistola
1588 1401 1796 1452 testatur

311 1481 556 1539 scripsisse
592 1488 839 1540 parentem
863 1480 1022 1533 Ἰωνιὰν,
1055 1483 1193 1542 quasi
1225 1480 1382 1528 Violis
1412 1481 1647 1528 consitum
1682 1480 1794 1528 hor-

313 1562 412 1602 tum
459 1558 603 1611 dicas,
651 1559 808 1604 mistis
856 1558 1135 1605 Graecorum
1183 1560 1443 1629 paroemiis,
1494 1560 1701 1623 gnomis,
1747 1566 1796 1605 et

314 1635 734 1696 apophthegmatis
770 1636 984 1695 undique
1015 1642 1124 1695 post
1149 1637 1347 1682 Suidam
1382 1638 1604 1684 collectis.
1676 1637 1799 1693 Tale

312 1712 626 1774 Anthologiae
665 1728 784 1772 opus
826 1719 898 1758 est
934 1713 1163 1758 Athenaei
1204 1714 1708 1774 Dipnosophistarum,
1749 1719 1798 1760 et

315 1789 495 1835 Stobaei
534 1790 812 1844 Sententiae,
849 1790 1025 1850 aliique
1064 1797 1379 1837 racematores
1415 1792 1656 1846 Laethius,
1689 1792 1799 1838 Sui-

315 1867 415 1920 das,
466 1866 628 1911 Photii
692 1866 1008 1920 Bibliotheca,
1067 1875 1128 1922 et,
1183 1870 1412 1924 nondum,
1459 1871 1588 1929 quod
1634 1869 1798 1923 sciam,

315 1943 488 1997 editus,
518 1943 802 1989 Theodorus
839 1944 1124 2006 Logotheta.
1193 1946 1445 2005 AEqualem
1482 1946 1630 1992 fuisse
1664 1945 1799 2006 Apo-

316 2020 511 2066 stolium
537 2028 735 2081 apparet
758 2022 1142 2082 familiaremque
1174 2023 1380 2068 Gemisti
1406 2023 1656 2070 Plethonis
1691 2023 1800 2084 phi-

317 2097 519 2157 losophi,
544 2105 591 2143 et
620 2099 890 2144 Cardinalis
927 2100 1242 2153 Bessarionis,
1279 2099 1452 2145 Niceni
1487 2100 1798 2154 Patriarchae,

318 2180 366 2219 et
389 2175 666 2234 aequalium.
739 2176 890 2237 Cujus
924 2177 1176 2222 Michaelis
1212 2177 1542 2236 philosophica
1575 2179 1799 2238 quaedam

319 2252 445 2297 idem
472 2252 708 2297 Pantinus
734 2255 916 2299 calamo
940 2260 1137 2299 exarata
1161 2253 1380 2307 habebat,
1399 2260 1650 2314 exstatque
1675 2256 1802 2316 ejus-

320 2330 428 2374 dem
466 2329 792 2391 Panegyricus
829 2333 889 2376 ad
926 2330 1226 2377 Fridericum
1252 2331 1346 2377 ΙΙΙ.
1374 2331 1497 2391 Imp.
1522 2331 1573 2376 in
1603 2330 1802 2377 Germa-

321 2405 536 2450 nicarum
561 2422 720 2452 rerum
745 2408 903 2453 tomis.

102 2486 254 2565 {ffl'rgneri
392 2483 555 2544 Hujus
579 2483 763 2529 interea
787 2485 951 2539 vicem,
977 2486 1092 2530 dum
1111 2485 1419 2545 Apostolium
1443 2486 1640 2532 heredes
1665 2488 1802 2532 ador-

102 2580 184 2608 teus.
323 2566 456 2613 nant,
480 2561 650 2605 damus
676 2561 946 2607 Stromatea
969 2563 1000 2607 J
1004 2578 1070 2608 os.
1096 2562 1342 2624 Scaligeri,
1366 2563 1565 2608 totidem
1601 2578 1630 2608 a
1665 2563 1802 2609 nobis

323 2637 538 2682 versibus
573 2638 772 2683 redditis
809 2639 1019 2684 metricis
1057 2639 1335 2698 proverbiis,
1378 2639 1598 2699 notisque
1645 2655 1804 2699 asper-

323 2714 416 2759 sis:
453 2719 500 2758 et
530 2714 720 2773 copioso
756 2715 1034 2761 Graecorum
1072 2716 1432 2775 proverbiorum
1466 2716 1636 2770 indice,
1659 2732 1801 2776 quem

323 2792 375 2839 in
400 2791 701 2837 Chiliadibus
725 2793 954 2839 hactenus
979 2793 1320 2848 desideramus,
1344 2794 1520 2839 addito.
1578 2793 1805 2854 Adjicere

287 2908 294 2913 .
325 2869 440 2915 item
480 2874 583 2913 erat
617 2868 822 2922 animus,
858 2870 895 2914 si
928 2870 1014 2915 otii
1045 2869 1160 2914 satis
1193 2870 1557 2929 suppeditasset,
1589 2875 1805 2916 veterum

327 2947 534 2998 oracula,
558 2944 773 2991 versibus
798 2946 896 2991 fere
920 2947 1063 3000 edita,
1088 2949 1217 3007 quod
1241 2963 1301 2993 ex
1328 2947 1404 2993 his
1428 2953 1542 2993 nata
1564 2961 1665 2993 esse
1699 2949 1806 3006 plu-
