1852 3308
41 1346 102 1389 34

43 1731 100 1775 35

110 202 162 244 V..

109 316 342 382 Εὗρυσθέως
364 318 444 384 γὰρ

669 206 672 209 ’
703 205 986 248 ΖΕΝΟΒῙῙ.

1503 223 1586 266 353

480 317 774 375 ke’vzroiljavrof
807 324 1020 385 Ἠρακλεῖ
1043 320 1213 383 κομίσαι
1245 320 1311 369 τδν
1347 323 1641 383 Ἰππολῦτηςᾼ

104 401 310 461 ζωστῆρα,
351 403 427 456 τῆς
472 403 547 445 τῶν
586 397 805 460 Ἀμαζόνων
843 397 1129 455 βασιλίσσης,
1159 398 1338 445 ἀπελθὼν
1379 404 1594 464 Ἡρακλῆς

110 473 242 532 ἐζήτει
277 480 425 523 τοῦτον.

494 481 583 534 Τῆς
606 475 650 523 δὲ
673 475 913 539 συνθεμένης
947 475 1090 531 δοῦναι,
1113 478 1230 539 ''Hpa
1259 475 1404 537 μανιάν
1433 480 1597 538 φυλάτ-

109 571 239 604 τουσα
270 550 369 616 πρὸς
391 551 524 609 αὐτὸν,
550 553 789 601 εἰκασθεῖσα
811 559 892 616 μιᾷ
914 559 987 601 τῶν
1016 551 1231 614 Ἀμαζόνων
1253 554 1404 616 περιῆει
1439 556 1597 609 πάσαις

111 627 310 691 λέγουσα,
346 627 408 677 ὅτι
443 632 462 677 ὅ
495 632 747 695 παραβαλὼν
783 631 889 686 ξένος
925 631 997 688 τῆν
1033 629 1246 687 βασιλίδα
1280 632 1487 689 βιάζεται,
1528 631 1597 680 καὶ

109 705 264 764 ταύτης
297 705 365 754 τὸν
386 714 588 772 ζωστῆρα,
609 707 650 756 δν
674 709 717 764 ἐξ
741 710 878 773 Ἄρεος
912 708 970 762 εἷς
1001 708 1152 771 δεῖγμα
1172 714 1246 767 τῆς
1277 709 1503 765 βασιλείας
1539 709 1643 758 εἶ’-Β

111 791 257 844 ληφεν,
280 784 510 845 ἀφελέσθαι
534 785 747 842 βούλεται.

816 791 947 834 Τοῦτο
975 785 1204 834 ἀκούσασαι
1233 785 1458 849 Ἀμαζόνες,
1482 788 1597 847 ἀφω-

111 862 336 922 πλισμέναι
361 862 468 910 κατὰ
492 869 562 910 τοῦ
589 863 843 926 Ἧρακλέους
861 863 1041 923 ε’ξῆεσαν.

1096 862 1288 926 Νομίσας
1313 865 1354 912 δὲ
1379 869 1597 929 Ἡρακλῆς

875 942 889 959 Χ

112 937 155 986 εἰ(
193 937 310 988 δόλου
339 945 456 988 τοῦτο
490 941 691 1003 γενέσθαι,
727 942 799 1000 τῆν
836 964 912 1005 μεν
954 941 1196 1000 Ἱππολύτην
1229 942 1389 996 κτείνας
1425 941 1491 990 τόν
1525 950 1597 1001 ζω-

113 1022 247 1081 στῆρα
280 1017 511 1083 α’φαιρεῒτο,
548 1017 645 1083 πρός
685 1019 728 1067 δὲ
767 1019 844 1072 τὰς
890 1019 1038 1072 λοιπὰς
1072 1020 1369 1082 ἀγωνισάμενος
1405 1021 1595 1068 ἀποπλεῖ.

111 1094 199 1142 Δια
218 1115 334 1143 τουτο
370 1117 532 1160 υστερον
565 1095 811 1158 βουλόμενος
846 1100 1063 1161 Ἡρακλῆς
1100 1095 1321 1158 Ἀμαζόνας
1354 1097 1640 1160 ἀμύνασθαι,ο

113 1172 363 1237 ἐστράτευσε
396 1172 488 1220 κατ’
511 1173 654 1228 αὐτῶν,
687 1176 1025 1267 συμπαραλαβων
1058 1195 1126 1221 και
1159 1174 1305 1232 Θησεα
1335 1174 1395 1228 εἷς
1429 1195 1599 1266 συμμα-

112 1250 225 1314 χίαν,
248 1272 300 1304 ας
323 1271 391 1298 και
415 1252 730 1314 κατεπολεμησε
752 1251 844 1316 παρ’
863 1251 987 1299 αὐτοῦ
1011 1251 1369 1315 συμμαχούμενος.

180 1325 321 1376 1ΟϊΔέ
346 1329 567 1375 ure-voroz
601 1326 828 1377 ἐΛΕίοοΒῑ

868 1326 969 1376 Ἑπι
992 1335 1066 1376 τῶν
1087 1330 1277 1392 μεγάλων
1299 1328 1473 1376 κινδύνων
1497 1350 1601 1392 ειρη-

111 1426 182 1453 ται
221 1407 249 1464 ἦ
285 1404 495 1470 παροιμία·
533 1405 669 1464 ἐπειδὴ
703 1407 842 1465 πάσης
871 1412 1097 1468 πολεμικῆς
1126 1412 1386 1471 παρασκευῆς
1419 1405 1498 1454 ἔδει
1534 1404 1599 1453 τόν

110 1483 257 1546 μάντιν
279 1485 482 1547 ἡγεῖσθαι,
507 1483 662 1545 δάφνης
697 1482 843 1546 ’ἔχοντα
877 1484 1023 1532 κλάδον
1045 1482 1115 1531 καὶ
1140 1484 1378 1546 στέμματα·
1416 1482 1485 1531 καὶ
1506 1482 1647 1534 τού-1)

111 1582 181 1609 του
204 1558 320 1624 νόμος
343 1558 388 1618 ῆν
409 1560 529 1622 μὸνου
552 1560 767 1621 φείδεσθαι
791 1560 884 1614 τοὺς
906 1560 1135 1624 πολεμίους.

1205 1572 1246 1595 m
1258 1559 1358 1608 Ἐπὶ
1380 1559 1504 1610 τοίνυν
1526 1568 1600 1609 τῶν

112 1637 359 1702 πανωλεθρίᾳ
383 1638 674 1702 διεφθαρμένων
696 1637 828 1704 καιρόν
852 1639 974 1703 ἔσχεν
996 1640 1021 1697 ἡ
1044 1638 1256 1703 παροιμία.

181 1719 269 1762 ¹¹*0
306 1715 444 1763 ΣκΝὶΨ
483 1714 539 1763 fin
579 1715 745 1764 ΧόΡΑιε

171 1884 196 1916 k
215 1884 452 1936 ἐπιτάξαντος]
476 1885 698 1932 ὑποτάξαντος
719 1889 772 1926 Η.

170 1939 183 1968 Ῑ
201 1940 284 1979 Οὖδὲ
303 1941 474 1992 πυρφόρος]
500 1940 639 1980 Suidas
666 1941 725 1980 bis
745 1942 834 1980 ada-

114 1994 222 2047 gium
243 1993 378 2038 adfert,
399 2003 439 2033 et
457 1994 624 2040 concise,
645 1996 729 2033 Οὐδὲ
755 2012 833 2045 πυρ-

114 2049 222 2100 φόρος,
260 2061 305 2086 ex
352 2061 473 2100 eoque
519 2049 757 2100 Apostolius‚
797 2058 836 2087 et

117 2101 353 2155 productius,
367 2103 451 2141 Οὐδὲ
471 2104 623 2154 πυρφόρος
641 2105 833 2155 ἐπελείφθη,

118 2155 303 2207 additque
333 2165 375 2195 et
396 2158 518 2195 facem
549 2156 715 2208 praeferri
744 2157 833 2195 soli-

119 2219 211 2248 tam.
246 2211 337 2252 Mos
357 2211 460 2248 enim
481 2219 562 2249 erat
581 2210 707 2263 ignem
729 2225 833 2249 sum-

121 2278 186 2302 mo
215 2263 436 2315 imperatori
470 2265 509 2301 in
542 2265 694 2316 pompis
726 2265 835 2303 belli-

118 2317 249 2369 cisque
269 2317 513 2369 apparatibus
533 2319 712 2369 praeferri,
731 2329 773 2357 ut
791 2333 837 2357 ex

120 2371 345 2410 Herodiano
375 2371 441 2410 lib.
471 2373 523 2410 11.
555 2381 594 2410 et
614 2373 704 2410 VII.
735 2373 837 2410 aliis-

120 2439 195 2478 que
213 2426 469 2464 observatum.
500 2427 638 2464 Facere
654 2440 730 2463 non
747 2440 836 2478 pos-

121 2494 206 2518 sum
241 2480 333 2531 quin
365 2480 579 2541 elegantem
611 2480 839 2518 enarratoris

121 2533 342 2586 Euripidis
334 2548 373 2572 in
395 2533 601 2573 Phoenissis
627 2535 678 2583 [v.
703 2534 835 2584 ι386.]

121 2589 249 2627 locum
262 2588 492 2627 adscrlbam:
506 2593 671 2638 Ἒχρωντο
683 2606 733 2626 ουν
743 2592 838 2626 κατὰ

122 2643 161 2681 το
179 2643 323 2680 παλαιον
342 2647 375 2680 ἐν
395 2660 461 2686 τοις
485 2645 634 2690 πολέμοις
654 2644 730 2679 ἀντι
749 2650 838 2680 σαλ-

121 2702 268 2746 πιγκτῶν
286 2698 459 2748 πυρφόροις.
491 2696 588 2734 Ουτοι
608 2697 673 2733 δὲ’
663 2712 734 2747 ιεροι
753 2693 840 2742 ῆσαν

116 2748 238 2801 Ἀρεως
255 2752 414 2799 ἑκατέρας
431 2754 596 2800 στρατιᾶς
618 2753 839 2801 προηγούμενοι

123 2807 217 2853 μετὰ
249 2808 435 2852 λαμπάδος,
466 2803 501 2850 ἢν
535 2805 689 2854 ἀφιέντες
722 2809 766 2848 εἷς
802 2822 840 2843 το

124 2859 326 2907 μεταίχμιον
354 2862 529 2908 ἀνεχώρουν
550 2861 716 2896 ἀκίνδυνοι.
773 2861 840 2896 Καὶ

125 2915 222 2956 οὕτως
239 2912 443 2959 συνέβαλλον
461 2917 500 2949 αἱ
518 2915 692 2962 στρατιαί.
730 2916 838 2951 ’Eo-‹5-

124 2969 215 3014 ζον-το
234 2967 268 3005 δὲ
294 2966 457 3018 πυρφόροι,
479 2971 518 3010 ὦς
541 2968 613 3017 ἱεροὶ
632 2972 689 3004 τοῦ
709 2969 793 3011 θεοῦ,
813 2971 842 3005 εἰ

785 1715 888 1764 *Επὶ
924 1723 999 1764 τῶν
1032 1716 1192 1780 ταχέως
1225 1714 1539 1780 μεταπηδῶντων
1574 1718 1599 1774 ἡ

889 1889 946 1925 καὶ
964 1890 1087 1932 πάντες
1104 1890 1284 1927 ἀπόλοντο.
1324 1888 1427 1925 Ὅθεν
1446 1890 1603 1937 παροιμία

890 1943 943 1979 ε’πῖ
980 1947 1044 1979 τῶν
1090 1941 1187 1991 ἄρδην
1232 1943 1475 1990 ἀπολλυμένων,
1519 1941 1603 1979 Οὐδὲ

890 1996 1042 2047 πυρφόρος
1069 1998 1187 2042 ἐσώθη.
1246 1994 1377 2033 Simile
1399 2003 1456 2033 est
1484 1994 1600 2032 illud:

892 2050 976 2087 Οὐδὲ
1018 2049 1161 2098 ἅγγελος
1206 2051 1456 2093 ὑπολέλειπται,
1502 2047 1604 2099 apud

891 2104 1136 2141 Eustathium
1156 2104 1196 2140 in
1212 2103 1352 2141 Iliados
1369 2105 1419 2152 μ’.
1438 2105 1494 2154 [p.
1510 2103 1602 2151 893,

897 2170 957 2195 11.
987 2156 1116 2208 paullo
1147 2156 1274 2206 aliter]
1304 2157 1406 2208 quod
1437 2165 1476 2194 et
1504 2156 1604 2207 apud

893 2210 1092 2249 historicos
1105 2211 1266 2249 Latinos
1281 2224 1359 2248 non
1375 2224 1457 2248 raro
1473 2223 1606 2248 occur-

894 2264 955 2310 rit,
985 2273 1131 2302 tantam
1158 2264 1273 2303 fuisse
1296 2273 1459 2317 stragem
1491 2263 1606 2301 inter-

894 2318 1181 2368 necionemque,
1200 2326 1242 2356 ut
1257 2332 1305 2356 ne
1320 2318 1439 2357 cladis
1454 2317 1605 2370 quidem

895 2374 1050 2410 nuntius
1088 2372 1326 2423 superfuerit.
1378 2371 1605 2410 SCHOTT.

895 2427 927 2463 V
932 2426 980 2464 id.
1002 2426 1140 2463 Baehr.
1161 2426 1209 2464 ad
1230 2426 1421 2464 Herodot.
1434 2425 1546 2463 VIII.
1568 2424 1606 2462 6.

949 2486 977 2503 ¹¹¹
1005 2482 1080 2517 Ἐπὶ
1101 2482 1201 2517 τοίνυν
1223 2481 1304 2529 τῶν]
1339 2481 1391 2517 ἐπὶ
1419 2485 1482 2516 τῶν
1500 2483 1608 2516 αὐτῶν

950 2596 971 2616 1¹
1000 2591 1042 2624 Ὁ
1062 2589 1190 2640 σκνὶψ]
1220 2589 1309 2634 Κνὶψ
1334 2587 1396 2625 alii
1423 2588 1564 2639 absque
1583 2602 1607 2622 ο-

895 2642 1041 2694 legunt,
1057 2641 1119 2680 alii
1139 2647 1176 2680 ἐκ
1192 2645 1311 2691 χώρας.
1345 2642 1408 2680 De
1427 2642 1499 2679 hoc
1519 2652 1605 2677 vero

893 2709 1034 2741 verme,
1063 2709 1112 2734 an
1143 2696 1272 2735 teredo
1299 2696 1349 2734 sit
1383 2708 1515 2738 necne,
1546 2693 1606 2730 hic

894 2752 1077 2789 Erasmus
1101 2750 1248 2802 quaerit.
1307 2749 1440 2787 Suidas
1463 2749 1516 2786 ait
1539 2764 1603 2783 κω-

895 2805 1067 2849 νωποειδὲς,
1097 2814 1142 2843 ul,
1171 2807 1272 2843 Orus
1300 2803 1444 2847 definit,
1478 2802 1515 2838 id
1548 2807 1606 2837 est

895 2858 1019 2898 simile
1038 2859 1175 2904 culici3
1206 2857 1380 2909 adjungit
1393 2865 1432 2894 et
1448 2866 1603 2906 parvum

896 2926 979 2952 esse
1016 2913 1285 2951 animalculum
1320 2910 1419 2962 quod
1459 2909 1604 2959 lignum

898 2966 1008 3011 rodit,
1045 2981 1090 3006 ex
1119 2968 1192 3005 hoc
1225 2963 1398 3003 Zenobio
1431 2963 1605 3000 fortasse.

964 3046 1030 3072 ZZ
