1800 3250
245 209 303 251 xii
812 208 1161 250 PRAEFATIO

245 327 408 373 dixere
449 328 586 390 vulgi
627 342 843 372 sermone
883 331 1131 386 usurpata,
1172 341 1377 387 quaeque
1423 326 1476 372 in
1517 341 1598 373 ore
1635 324 1734 372 nint

245 404 460 450 omnium
486 420 634 465 prope
657 403 891 466 gentium,
916 404 997 449 sed
1022 419 1109 450 sua
1132 403 1335 450 dialecto
1358 404 1616 451 utentium.
1654 403 1735 450 Ea

245 485 487 543 appellant
506 482 671 529 Latini
692 478 985 536 Proverbia,
1004 488 1051 528 et
1070 479 1301 543 Adagia,
1319 497 1404 528 seu
1418 479 1733 544 Adagiones.

245 561 429 607 Verum
461 557 727 607 Proverbii
761 575 872 606 voce
909 560 1063 623 magis
1099 565 1171 605 est
1210 559 1402 605 Tullius
1437 560 1731 614 delectatu83

244 636 446 701 Adagii
470 638 727 692 M.Varro,
747 643 1022 700 togatorum
1047 636 1382 693 doctissimus;
1421 638 1549 698 quod
1567 633 1736 683 amba-

237 715 396 779 gium,
428 717 565 778 quasi
602 713 955 777 circumagium
988 715 1348 775 interpretatur.
1415 714 1491 761 De
1527 714 1605 761 his
1641 713 1735 760 etsi

246 793 283 841 ἔν
323 800 408 846 τοῖς
446 792 749 855 προλεγομένοις
785 793 973 853 copiose
1008 793 1235 840 disseruit
1264 793 1414 839 Mich.
1433 792 1734 854 Apostolius‚

246 871 363 930 (non
386 873 466 918 ille
491 872 697 918 Basileae
729 871 903 927 editus,
937 874 1019 918 sed
1055 872 1144 918 hoc
1179 874 1326 932 duplo
1361 872 1566 932 amplior
1602 870 1733 932 typis

244 950 521 1010 propediem
557 951 891 1012 evulgandus‚)
925 957 973 996 et
1003 950 1054 996 in
1081 950 1358 1002 Chiliadum
1393 949 1560 997 limine
1594 948 1736 996 Desi-

245 1029 435 1084 derius3
473 1029 687 1074 adferam
724 1035 884 1074 tamen
920 1028 1015 1074 illis
1050 1028 1246 1084 intacta,
1270 1044 1296 1074 e
1325 1027 1509 1074 Graecis
1543 1027 1736 1088 potissi-

244 1122 378 1152 mum
414 1106 744 1166 scriptoribus,
781 1108 841 1152 ad
878 1113 1109 1160 auctores,
1142 1122 1262 1167 quos
1302 1106 1504 1159 edimus,
1537 1105 1757 1152 Graecos·

244 1183 604 1244 paroemiarum.
678 1185 744 1230 Hi
771 1183 1079 1232 Paroemiam
1103 1185 1338 1231 definiunt
1362 1198 1630 1230 Sermonem
1653 1181 1735 1229 ob-

245 1259 480 1308 scuritate
515 1276 618 1307 rem
653 1259 841 1308 claram
875 1267 1126 1324 tegentem.
1199 1263 1333 1309 Beda
1357 1262 1618 1323 Presbyter
1650 1261 1733 1308 lib.

246 1341 305 1385 de
331 1338 507 1401 Tropis
544 1339 593 1385 S.
618 1339 899 1400 Scripturae‚
935 1340 1182 1386 Donatum
1219 1342 1359 1386 credo
1393 1346 1599 1395 secutus,
1634 1339 1734 1386 ita:

246 1414 458 1479 Παροιμίαι
483 1421 557 1462 est
577 1415 985 1463 accommodatum
1013 1416 1160 1463 rebus
1196 1417 1588 1482 temporibusque
1613 1431 1737 1481 pro-

245 1491 478 1540 verbium.
548 1493 737 1555 Adjicit
769 1495 1026 1541 Diomedes
1061 1498 1183 1542 alter
1205 1496 1576 1559 grammaticus:
1611 1493 1735 1543 Cum

246 1569 391 1617 aliud
409 1568 739 1633 significatur,
757 1587 906 1634 quam
925 1571 1123 1619 (licitur.
1160 1575 1390 1620 Nondum
1409 1581 1570 1620 tamen
1594 1575 1737 1634 plena

246 1649 475 1695 definitio.
514 1649 771 1696 Chiliastes
795 1651 959 1711 itaque
984 1651 1228 1697 Batavus:
1264 1649 1538 1707 Paroemia,
1561 1651 1738 1712 inquit,

244 1731 320 1773 est
340 1724 528 1773 celebre
551 1725 734 1774 dictum
757 1727 882 1775 scita
901 1727 1136 1793 quapiam
1155 1727 1368 1776 novitate
1390 1727 1600 1792 insigne.
1636 1729 1741 1777 Du—

243 1807 355 1865 plex
379 1811 541 1851 autem
566 1811 638 1850 est
663 1806 953 1853 Christianis
978 1807 1269 1854 hominibus.
1328 1807 1583 1855 Paroemiae
1606 1808 1735 1854 enim

244 1879 269 1937 ἢ
294 1880 487 1942 ὃημώδεις
513 1884 589 1942 (ut
612 1883 946 1945 Diogenianus
982 1900 1092 1931 suas
1128 1884 1396 1946 inscripsit)
1420 1881 1445 1942 ἢ
1470 1884 1587 1947 ἱεραί.
1647 1886 1737 1932 Al-

245 1966 350 2005 tera
389 1959 515 2004 enim
557 1966 771 2015 externa,
811 1961 1073 2022 popularis,
1115 1977 1170 2007 ac
1211 1961 1424 2024 vulgaris
1462 1969 1564 2019 est3
1602 1979 1740 2010 sacra

246 2038 411 2089 altera,
437 2042 484 2080 et
510 2034 958 2083 Ecclesiasticorum
983 2037 1190 2097 propria.
1251 2038 1515 2101 Vulgarem
1540 2041 1736 2101 quidem

246 2113 546 2173 paroemiam,
571 2128 654 2158 seu
687 2115 938 2173 profanam
965 2115 1193 2170 Basilius,
1219 2131 1326 2161 vere
1351 2115 1580 2179 Magnus,
1603 2118 1739 2178 prin-

248 2189 374 2250 cipio
399 2189 771 2237 Proverbiorum
808 2193 1077 2239 Salomonis
1107 2193 1274 2238 definit
1307 2194 1419 2256 ῥῆμα
1453 2192 1638 2257 παρόδων
1673 2216 1742 2243 τε-

250 2343 366 2406 &Cuma
400 2350 712 2405 μεταληφθῆναι
748 2346 969 2407 δυνάμενον.
1048 2346 1102 2392 V
1094 2347 1261 2394 erbum
1298 2347 1440 2405 Diale,
1470 2349 1611 2413 ‘vulgi
1642 2366 1736 2398 πιθα

251 2421 434 2476 tritum,
454 2421 589 2485 quod
609 2438 641 2469 a
655 2422 839 2492 paucies
862 2423 934 2471 ad
943 2423 1103 2489 plura
1120 2424 1303 2473 similia
1327 2427 1598 2491 tranfirri
1613 2444 1737 2476 com-

251 2497 389 2546 mode
411 2506 573 2562 queat.
644 2502 876 2562 Respexit
899 2504 1129 2550 nimirum
1164 2506 1224 2550 ad
1253 2506 1499 2565 paroemiae
1523 2512 1735 2568 etymon.

250 2577 432 2623 Graecis
457 2578 585 2623 enim
610 2573 722 2640 οἶμος
745 2580 823 2626 Via
841 2588 928 2638 est,
946 2577 1079 2645 ὥσπερ
1103 2580 1264 2646 τρίμμα
1288 2580 1357 2628 καὶ
1379 2581 1599 2647 παροδικόν,
1617 2601 1737 2646 quo-

248 2657 391 2701 modo
425 2655 599 2711 Varro,
634 2664 690 2703 ut
730 2658 956 2714 diximus,
992 2658 1234 2723 adagium
1274 2661 1413 2722 quasi
1449 2660 1736 2725 ambagium

250 2732 449 2778 derivat.
488 2729 602 2784 Αἲνος
639 2750 750 2780 vero
782 2736 914 2782 aliud
951 2743 1022 2783 est
1053 2738 1242 2786 Theoni
1277 2741 1507 2801 sophistae
1535 2741 1584 2788 in
1618 2742 1737 2790 Pro-

250 2810 614 2872 gymnasmatiS,
651 2817 699 2856 et
733 2812 784 2857 in
825 2813 1005 2860 Lexico
1041 2815 1309 2873 Ammonii,
1351 2819 1450 2865 sive
1498 2819 1736 2866 Herennii

252 2887 495 2955 Philonis?
520 2904 608 2948 pro
636 2887 880 2952 Apologo‚
917 2895 1080 2952 quales
1119 2894 1325 2959 Phrygii
1356 2897 1656 2953 fabulatoriS‚
1686 2904 1735 2945 et

254 2965 456 3012 Hesiodi
497 2967 555 3011 de
591 2967 793 3014 luscinia
831 2975 974 3029 atque
1021 2972 1274 3032 accipitre:
1327 2990 1423 3035 quo
1459 2975 1735 3023 fabularum
