1852 3308
405 458 941 532 ZHNOBIOT
999 457 1493 530 ΕΠΙΤΟΜΗ

903 638 997 671 ΤΩΝ

263 787 619 832 TAPPAIOT
669 788 790 830 ΚΑΙ
838 785 1170 829 ΔΙΔΎΜΟΤ
1218 783 1644 828 ΠΑΡΟΙΜΙΩΝ

416 934 870 987 ΣΎΝΤΕΘΕΙΣΩΝ
910 938 1074 981 ΚΑΤΑ
1116 934 1488 985 ΣΤΟΙΧΕΙΟΝ.
1537 920 1540 923 ’

290 1213 542 1263 *Am-Annon
572 1214 888 1263 afinioopnmai:

218 1292 310 1357 μία.
382 1292 604 1355 Μέμνηται
630 1293 671 1340 δὲ
696 1292 821 1350 αὐτῆς

930 1212 1031 1261 *Enl
1054 1220 1128 1261 τῶν
1150 1213 1275 1273 ἀηδῶν
1297 1214 1495 1260 τάττεται
1518 1213 1544 1270 ἡ
1565 1224 1754 1276 παροι-Α

894 1290 1029 1347 4ιἰὃοξος
1062 1291 1099 1339 ἓν
1125 1289 1454 1354 ’Ὑποβολιμαίῳ

1523 1286 1638 1336 Φασὶ
1663 1288 1706 1336 δὲ

220 1369 281 1418 ὅτι
316 1377 400 1423 τοῖς
438 1371 670 1428 Ἀβυδηνοῖς
707 1369 789 1423 ἔθος
829 1368 875 1428 ἦν
907 1370 1018 1431 μετὰ
1053 1368 1098 1417 τὸ
1131 1370 1280 1416 δεῖπνον
1317 1366 1386 1415 καὶ
1422 1367 1498 1420 τὰς
1531 1366 1707 1419 σπονδὰς

220 1448 439 1511 προσάγειν
469 1446 562 1500 τοὺς
595 1448 750 1501 παῖδας
783 1448 893 1508 μετὰ
924 1453 997 1494 τῶν
1029 1451 1166 1494 τιτθῶν
1194 1453 1277 1499 τοῖς
1310 1444 1606 1509 εὐωχουμένοις·
1640 1465 1708 1492 κε-

221 1523 424 1590 κραγότων
455 1525 497 1572 δὲ
527 1531 601 1572 τῶν
624 1524 779 1572 παίδων
810 1523 879 1572 καὶ
911 1525 1077 1587 θορύβου
1106 1524 1310 1588 γινομένου
1341 1523 1408 1571 διὰ
1437 1522 1515 1576 τὰς
1549 1520 1706 1580 τίτθας,

223 1601 362 1661 ἀηδίαν
386 1599 481 1650 εἶναι
506 1603 659 1661 πολλὴν
682 1609 766 1656 τοῖς
790 1602 1039 1664 &amado-cv.

374 1679 611 1696 κκκκ

1112 1602 1284 1667 Εἴρηται
1310 1601 1351 1648 δὲ
1374 1598 1620 1664 ἧπαροιμιά
1643 1597 1710 1646 καὶ
1724 1610 1756 1643 Β

1291 1716 1301 1726 .
1369 1680 1509 1725 ’Ένθεν
1531 1682 1712 1742 Ἀριστο-

227 1761 359 1819 φάνης
382 1757 448 1805 τόν
473 1760 726 1819 συκοφάντην
749 1757 1107 1819 1’Ἀβυδηνοκαήιιην
1130 1753 1250 1805 εἷπεν.

296 1846 314 1867 ‘³
325 1837 592 1885 ᾺΓΑΘόΝιοΣ
627 1836 844 1884 A314A11212:

284 2014 537 2065 δέπιφόρημα]
571 2013 634 2052 Sic
662 2015 868 2052 Athenaeus
898 2013 942 2050 li·

231 2069 299 2106 bro
319 2069 430 2106 XIV.
455 2070 511 2119 [p.
532 2069 605 2116 641
630 2069 693 2116 A.]
717 2068 946 2105 emendante

231 2122 350 2160 Paulo
383 2122 588 2173 Leopardo
630 2122 757 2173 Belga,
790 2123 946 2159 homine

232 2175 467 2219 doctissimo,
490 2176 586 2212 libro
605 2176 715 2213 XVI.
739 2176 944 2213 Emendat.

233 2243 266 2268 c.
281 2242 319 2279 3.
340 2230 555 2280 Stephanus
567 2231 636 2279 περὶ
649 2230 785 2274 πόλεων,
799 2229 946 2280 Dioge·

234 2283 381 2328 nianus,
399 2283 548 2326 Suidas,
570 2291 608 2320 et
628 2284 861 2335 Apostolius,
881 2297 948 2335 pro

236 2337 398 2376 bellariis
413 2345 477 2374 ant
492 2336 716 2388 irruptione,
732 2339 803 2376 etsi
818 2344 948 2376 aucta-

235 2394 330 2429 rium
349 2391 464 2429 vertit
487 2391 611 2429 Suidae
639 2393 842 2444 interpres,
867 2393 947 2430 He-

236 2445 385 2498 sychius
422 2449 617 2496 ἐπιφώνημα
656 2460 723 2497 pro
761 2446 945 2485 acclama-

236 2499 354 2537 tione.
411 2499 510 2537 Mihi
550 2501 670 2537 illatz'o
709 2500 829 2551 magis
869 2501 948 2552 pla-

238 2553 339 2592 cuit:
370 2554 471 2604 quod
491 2554 622 2603 inferri
642 2557 679 2591 in
697 2568 858 2592 mensam
878 2555 948 2593 dici

238 2608 351 2646 solita
370 2607 521 2653 fercula,
544 2616 585 2645 ut
604 2617 644 2646 et
666 2608 704 2646 in
735 2609 949 2659 sepulcrum

238 2676 348 2700 suum
379 2660 604 2705 alienumve,
625 2671 669 2700 ut
697 2672 755 2700 est
782 2663 820 2700 in
844 2663 952 2700 Pauli

239 2717 270 2754 1.
294 2717 339 2754 C.
370 2715 585 2759 sententiis,
605 2725 644 2753 et
668 2716 822 2766 Ulpian.
853 2717 876 2754 l.
900 2718 951 2754 X.

241 2771 303 2808 De
326 2769 429 2822 relig.
450 2778 489 2807 et
508 2777 649 2820 sumpt.
677 2771 755 2807 fun.
775 2779 814 2808 et
834 2771 858 2808 l.
881 2772 952 2808 111.

241 2825 305 2863 De
352 2837 431 2876 sep.
472 2823 665 2861 violandis.
715 2825 894 2862 Erasmus
933 2837 955 2862 e

243 2878 359 2917 Suida
376 2878 424 2916 de
442 2877 593 2916 coronis
608 2886 647 2915 et
667 2879 870 2929 unguentis
890 2879 954 2916 ad-

243 2932 312 2971 dit.
356 2933 452 2974 Quae
473 2944 559 2970 vero
580 2945 624 2969 ex
646 2932 837 2983 Aristoph.
879 2933 955 2970 Ze-

245 2986 394 3034 nobius,
426 2999 470 3024 ex
505 2986 550 3024 iis
583 2985 683 3024 aliud
718 2986 955 3037 proverbium

884 1840 943 1882 *H
974 1836 1161 1899 μαλακὴ,
1197 1832 1266 1882 καὶ
1298 1835 1405 1897 μήτε
1435 1834 1574 1899 πικρὰ,
1605 1834 1714 1897 μήτε

1002 2014 1222 2065 Apostolius
1243 2013 1461 2058 concinnat,
1483 2012 1590 2065 quasi
1611 2013 1714 2062 Aby-

1000 2070 1114 2105 denus
1139 2069 1186 2106 de
1213 2069 1447 2119 sycophanta
1471 2068 1628 2111 dicatur,
1649 2080 1715 2105 cu-

996 2126 1059 2174 jus
1080 2122 1130 2159 rei
1150 2131 1190 2160 et
1210 2130 1337 2160 noster
1359 2121 1546 2160 meminit.
1589 2120 1717 2159 Suidae

1002 2189 1089 2214 vero
1101 2175 1240 2222 ’Ἄβυδος
1258 2176 1348 2219 πόλις
1365 2175 1384 2222 ἢ
1403 2177 1584 2222 Ἀβυδηνῶν
1602 2182 1716 2226 φλυα-

1003 2233 1057 2279 ρία
1082 2230 1129 2268 de
1159 2229 1270 2281 nugis
1299 2238 1414 2282 atque
1433 2229 1717 2268 calumniatori-

1006 2285 1089 2322 bus.
1121 2285 1348 2322 SCHOTT.

1058 2337 1079 2366 b
1098 2340 1379 2388 Ἀβυδηνοκῶμην]
1403 2338 1651 2386 Ἀβυδηνόκομον
1673 2339 1718 2376 Β.

1002 2394 1220 2440 Ἀβυδοκόμην
1234 2392 1453 2430 Dindorfius
1465 2392 1512 2430 ad
1526 2391 1718 2443 Aristoph.

1004 2449 1066 2485 Fr.
1089 2448 1180 2498 568.
1209 2460 1254 2485 ex
1284 2447 1477 2499 Hesychio
1496 2453 1535 2484 et
1558 2446 1719 2484 Bekker.

1005 2501 1153 2540 Anecd.
1175 2515 1212 2552 p.
1238 2511 1327 2551 215,
1349 2502 1385 2539 6.
1413 2513 1506 2550 322,
1528 2513 1593 2550 31.

1061 2563 1078 2584 0
1096 2557 1308 2605 Ἀ’γαθῶνιος]
1343 2555 1516 2606 Amplius
1542 2555 1605 2593 bic
1623 2553 1722 2592 anti-

1007 2610 1123 2660 quiss.
1155 2610 1276 2648 codex
1307 2608 1515 2647 Vaticanus
1546 2608 1718 2659 praefert:

1008 2666 1027 2711 ἡ
1056 2665 1197 2712 μαλακὴ
1218 2665 1275 2701 καὶ
1304 2663 1520 2710 ἐκλελυμένα,
1540 2662 1560 2709 ἢ
1589 2664 1609 2709 ἦ
1636 2663 1724 2710 μήτε

1009 2726 1081 2766 χαὶ
1083 2721 1162 2768 αρὰ,
1178 2719 1264 2766 μήτε
1275 2720 1386 2780 πικρά.
1413 2717 1588 2768 Itemque
1600 2716 1723 2754 Mich.

1010 2772 1230 2823 Apostolius
1261 2773 1361 2823 typis
1388 2770 1543 2822 quidem
1572 2770 1724 2822 evulga-

1011 2834 1084 2863 tus.
1136 2825 1401 2878 Diogenianus
1421 2839 1489 2876 pro
1506 2826 1649 2874 μαλακη
1667 2826 1726 2862 καὶ

1011 2883 1151 2929 χαλαρὰ
1178 2879 1310 2918 vitiose
1339 2881 1453 2917 habet
1479 2880 1642 2927 μαλτακη
1667 2881 1725 2916 καὶ

1011 2937 1150 2983 χλιαρά.
1209 2935 1385 2986 Agathou
1426 2947 1512 2971 vero
1555 2932 1725 2970 auloedus

1011 2987 1074 3025 ille
1100 2995 1169 3032 est,
1201 3001 1313 3038 quem
1345 2987 1383 3025 in
1412 2985 1725 3039 Thesmophoriis
