1852 3308
303 232 390 274 xxii
584 233 932 276 PRAEFATIO
965 233 1159 274 ANDR.
1194 234 1495 276 SCHOTTI.

303 351 550 396 denandus
587 349 777 395 Nonius
815 348 1086 406 Pintianus,
1120 356 1166 396 et
1199 365 1307 396 cum
1337 350 1530 396 scholiis
1564 350 1786 407 Mallara,

306 427 625 487 Hispalensis.
680 426 912 472 Omnium
938 441 1048 472 vero
1072 416 1378 483 circumcirca
1401 427 1652 474 nationum
1678 444 1788 488 pro-

304 506 481 560 verbia,
507 506 690 560 Italica,
715 504 995 564 Hispanica‚
1023 505 1221 560 Gallica,
1247 506 1548 561 Germanica,
1572 506 1786 570 Belgica,

303 600 357 630 ac
381 583 666 630 Britannica
698 583 767 629 Io.
793 582 1032 628 Gruterus
1066 598 1175 629 cum
1212 583 1413 630 Gnomis
1449 583 1786 631 Graecolatinis

302 678 332 707 a
366 677 416 707 se
446 661 695 721 explicatis
725 659 906 719 duplici
935 659 1062 706 fasce
1085 676 1240 720 nuper
1263 661 1535 724 colligavit:
1570 662 1694 710 nihil
1729 668 1786 710 ut

301 741 392 786 hoc
415 740 465 785 in
490 754 663 801 genere
686 738 955 783 desiderare
979 737 1146 796 possis.

370 816 621 876 Numquid
657 815 901 874 amplius?
941 816 1094 861 Orare
1123 832 1200 862 me
1222 822 1368 876 atque
1391 817 1622 865 obtestari
1644 823 1785 878 typo-

300 895 525 955 graphos,
559 893 600 938 si
636 891 759 938 forte
793 892 873 939 hic
908 898 1070 938 noster
1110 893 1260 948 labor,
1290 899 1377 940 aut
1408 901 1534 942 certe
1568 900 1783 950 conatus,

300 986 397 1015 non
444 985 787 1030 usquequaque
833 969 985 1015 doctis
1032 970 1308 1017 hominibus
1357 970 1620 1031 displiceat,
1665 973 1783 1019 dum

300 1048 431 1107 spiro
448 1047 665 1107 vivoque,
683 1047 808 1092 hanc
827 1046 1199 1093 Proverbiorum
1223 1047 1503 1095 Graecorum
1521 1048 1691 1096 silvam
1706 1063 1782 1094 me

299 1125 465 1180 insci0‚
490 1125 656 1171 multis
690 1140 946 1184 operarum
979 1125 1165 1171 mendis
1192 1126 1419 1172 refertam
1443 1126 1698 1173 extrudere
1721 1141 1783 1172 ne

300 1205 523 1257 audeant,
547 1205 628 1249 sed
652 1203 746 1249 nisi
769 1203 953 1249 monito
984 1204 1134 1263 prius,
1158 1209 1213 1250 ut
1245 1217 1334 1263 par
1367 1209 1455 1258 est,
1479 1208 1672 1251 auctore
1702 1218 1783 1249 su-

298 1282 511 1341 perstite,
553 1281 594 1326 si
635 1281 752 1341 quid
786 1280 925 1335 forte,
962 1287 1018 1326 ut
1050 1281 1150 1327 dies
1192 1280 1319 1327 diem
1355 1281 1507 1335 docet,
1543 1295 1782 1326 commen-

298 1360 445 1404 tando
485 1359 874 1418 observandoque
914 1359 1202 1413 addendum,
1242 1358 1546 1412 demendum,
1586 1362 1780 1403 mutan·

297 1436 471 1480 dumve
524 1435 770 1480 videatur:
824 1450 958 1480 secus
1017 1442 1160 1496 atque
1219 1435 1270 1480 in
1324 1434 1483 1480 Gallia
1529 1449 1682 1494 nuper
1726 1434 1779 1482 in

299 1512 463 1558 Photii
488 1514 637 1558 nostri
664 1513 969 1559 Bibliotheca
990 1513 1170 1559 factum
1196 1514 1345 1558 doleo.
1417 1511 1613 1557 Poterat
1648 1511 1778 1557 enim

296 1591 430 1635 lauta
451 1605 479 1635 a
502 1590 640 1636 nobis
666 1590 870 1649 tempori
895 1589 1118 1636 submitti
1141 1589 1359 1644 accessio,
1383 1588 1434 1634 in
1466 1593 1604 1634 tanta
1633 1587 1780 1635 libro-

296 1683 420 1722 rum,
445 1683 564 1727 quos
594 1670 776 1730 legerat
801 1668 1022 1723 Photius,
1046 1674 1095 1714 et
1118 1668 1333 1714 nondum
1363 1665 1600 1719 exierunt,
1625 1665 1776 1725 copia.

298 1744 405 1789 Hoc
428 1750 475 1790 te
510 1745 645 1799 scire,
670 1747 818 1791 lector
852 1746 1054 1799 erudite,
1078 1734 1308 1792 interesse
1341 1750 1428 1790 tua
1461 1758 1662 1804 meaque
1696 1759 1778 1790 ex-

294 1820 566 1869 istimabam
585 1835 597 1866 ε
632 1837 761 1867 nunc
785 1824 842 1867 ad
871 1822 1064 1869 Graecos
1089 1821 1155 1876 ξὺν
1178 1826 1248 1885 θεῷ
1271 1823 1565 1867 accedamus.

293 2221 455 2263 MAPK
465 2220 660 2262 EAAOT
685 2220 826 2261 ΠΕΡΙ
849 2220 974 2261 ΤΩΝ
1002 2214 1132 2261 ΠΑΡ’
1154 2219 1393 2264 ἘΛΛΗΣΙ
1413 2222 1771 2265 ΠΑΡΟΙΜΙΩΝ.

357 2359 483 2407 Οὖδὲν
505 2360 585 2423 γὰρ
617 2360 760 2407 ἄτοπον
784 2355 896 2421 οἶμαι
922 2358 960 2406 ἔν
982 2364 1038 2423 τῷ
1071 2357 1234 2423 παρόντι
1251 2359 1399 2422 ολιίγον
1423 2365 1498 2407 τῶν
1521 2359 1655 2415 ’ἔξωθεν
1677 2357 1772 2407 ὓπο-

289 2435 448 2498 μνῆσαῖ
477 2458 525 2483 σε
555 2443 782 2500 παροιμιῶν·
823 2436 939 2483 ἎΛΛ’
970 2435 1000 2483 fi
1031 2436 1276 2484 ΤέΘΝΗκΕΝ
1316 2435 1345 2484 ii
1382 2437 1591 2485 ΔΙΔᾸΣΚΕΙ
1632 2436 1772 2484 rhin-

292 2534 424 2561 MATA.
493 2513 655 2570 Ταύτην
679 2515 749 2569 τὴν
772 2513 986 2577 παροιμίαν
1008 2512 1104 2577 πρὸς
1127 2515 1201 2576 μὲν
1224 2512 1270 2562 τὸ
1289 2513 1523 2575 φαινόμενον
1545 2519 1615 2561 τοῦ
1631 2515 1772 2577 γράμ-

288 2613 419 2652 ματος
443 2591 644 2646 ὑπολάβοι
669 2591 715 2637 biv
738 2613 802 2643 τις
827 2592 935 2638 κατὰ
954 2598 1028 2637 τῶν
1049 2593 1280 2655 γράμματα
1297 2590 1556 2639 διδασκόντων
1575 2589 1770 2652 εἰρῆσθαι,

290 2666 375 2715 ἐπεὶ
395 2666 462 2714 καὶ
482 2667 611 2731 ἕτερός
630 2690 694 2721 τις
708 2674 781 2714 τῶν
798 2667 887 2731 παρ’
913 2668 1048 2721 αὐτοῖς
1074 2675 1103 2696 “
1119 2667 1363 2722 ἆέδῖδασκες
1379 2670 1624 2732 γράμματα,
1643 2666 1719 2729 ἐγὼ
1734 2666 1769 2714 δ’

289 2744 493 2805 ἐφοίτων,”
514 2744 608 2805 ἔφη·
634 2743 678 2791 τὸ
702 2744 734 2791 δ’
751 2744 826 2807 οὐχ
848 2743 969 2798 οὕτως
994 2744 1101 2808 ’ἔχειν
1123 2745 1161 2793 οἷ
1180 2746 1234 2793 τὰ
1253 2745 1523 2807 ὑπομνήματα
1538 2746 1770 2808 γράψαντες

288 2822 461 2882 ἔφασαν·
498 2821 596 2867 ἀλλ’
622 2821 757 2878 ἐπειδὴ
798 2821 1016 2879 Ἀθηναίους
1041 2821 1294 2869 Σικελιῶταῖ
1318 2830 1448 2881 φασιν
1470 2820 1634 2886 πολέμῳ
1663 2822 1770 2879 νικῆ..

288 2920 433 2951 σαντες
465 2896 603 2959 μόνους
641 2897 780 2955 ’ἔσωζον
815 2897 906 2951 τοὺς
939 2900 1123 2946 παιδείαν
1158 2900 1470 2959 σκηπτομένους,
1499 2898 1768 2951 διδασκάλους

342 3006 362 3026 ³²
379 3001 567 3037 ἐδιδάσκετο
578 2999 695 3036 MSS.
716 2997 887 3048 Reposui
904 3001 1073 3042 ἐδίδασκες
1090 3012 1137 3036 ex
1155 2998 1359 3036 Demosth.
1376 3010 1446 3049 pro
1464 2998 1551 3036 Cor.
1565 3010 1602 3048 p.
1618 3009 1639 3046 3
1651 3007 1710 3047 15,
1726 3007 1764 3046 7.
