1800 3250
661 232 1026 274 PRAEFATIO.
1537 230 1592 272 vii

101 339 611 398 nonnullaemendare
633 348 787 409 potui,
811 349 941 394 haud
965 363 1118 408 pauca
1139 354 1301 394 tamen
1325 348 1592 394 etiamnum

102 443 288 506 restant
310 439 536 484 tollenda.
575 437 677 484 Nec
695 453 722 483 a
740 436 951 483 librariis
975 437 1147 491 solum,
1167 428 1302 482 seda
1321 436 1593 500 bibliopego

102 525 269 573 damni
291 526 513 572 nonnihil
537 541 706 587 passus
731 534 803 572 est
826 525 1095 572 Zenobius:
1132 524 1228 570 vid.
1256 524 1294 570 I.
1321 528 1398 571 30.
1427 524 1494 571 ΙΙ.
1514 528 1595 577 59.

103 613 194 662 VI.
221 617 299 661 15.
368 614 482 661 Duo
504 614 668 675 priora
689 617 793 662 loca
810 615 1092 676 persanavi:
1126 630 1237 676 quae
1261 620 1370 675 post
1394 614 1594 661 tertium

100 701 398 764 conspicitur
431 704 603 749 lacuna
626 718 723 748 non
758 703 852 749 nisi
887 702 1165 766 integrioris
1188 702 1364 750 codicis
1393 718 1482 763 ope
1513 718 1594 749 ex-

103 793 280 853 plenda
301 798 388 838 est.

173 969 395 1032 integras
432 969 621 1015 Schotti
666 970 1017 1024 annotationes,
1057 969 1148 1015 etsi
1188 969 1331 1015 hodie
1371 985 1593 1017 nonnun-

101 1072 250 1120 quam
285 1056 496 1112 inutiles,
532 1058 681 1104 veluti
715 1061 777 1106 ad
814 1059 871 1105 Β.
910 1062 1007 1110 278
1040 1065 1088 1104 et
1124 1058 1256 1112 alibi,
1291 1074 1351 1105 ex
1386 1058 1593 1122 Adagiis

102 1145 390 1207 Antverpiae
407 1144 553 1192 1612.
570 1148 624 1191 4⁰
639 1147 797 1203 editis,
812 1164 872 1194 ne
889 1147 1005 1209 quid
1026 1147 1257 1194 omissum
1277 1154 1594 1208 quererentur

105 1237 319 1289 lectores,
343 1234 528 1295 repetii.
579 1235 767 1283 Vellem
790 1237 936 1283 etiam
959 1237 1325 1291 emendatiores,
1350 1252 1464 1283 nam
1487 1238 1595 1297 plu-

104 1323 242 1370 rimis
268 1338 349 1370 eas
380 1338 633 1383 operarum
666 1325 852 1371 mendis
887 1326 1088 1372 refertas
1123 1341 1224 1372 esse
1258 1326 1460 1373 candide
1483 1341 1594 1373 con-

104 1412 270 1459 fitetur
309 1411 566 1468 Schottus;
603 1415 685 1460 sed
723 1414 918 1461 verebar
960 1430 1019 1460 ne
1058 1417 1173 1461 dum
1217 1416 1429 1462 alienum
1472 1430 1593 1476 opus

105 1500 343 1564 corrigere
378 1502 636 1558 studerem,
672 1505 904 1550 nonnulla
939 1504 1064 1550 forte
1098 1521 1337 1551 moverem
1373 1521 1484 1566 quae
1521 1505 1594 1551 in-

107 1594 236 1636 tacta
257 1588 466 1650 relinqui
489 1598 756 1650 praestaret.
827 1592 998 1654 Itaque
1028 1596 1078 1640 in
1111 1595 1240 1640 hisce
1269 1595 1594 1641 annotationi-

107 1678 198 1725 bus
232 1677 356 1724 nihil
379 1681 563 1726 mutavi
598 1681 691 1727 nisi
722 1698 975 1742 perpauca,
994 1699 1144 1744 eaque
1179 1685 1438 1730 admodum
1471 1685 1595 1731 levia

109 1772 254 1827 atque
277 1767 430 1814 obvia.
505 1769 613 1815 Hoc
636 1785 788 1816 unum
813 1770 1019 1830 amplius
1044 1787 1237 1817 monere
1269 1772 1401 1827 libet,
1426 1773 1594 1820 Schot-

108 1861 214 1901 tum
260 1857 401 1919 longe
438 1859 592 1917 plura,
630 1874 775 1919 quam
822 1875 929 1919 quae
970 1859 1072 1919 ipse
1113 1861 1345 1923 agnoscit,
1390 1861 1593 1910 Erasmo

107 1943 295 1991 debere.
