1852 3308
480 231 764 275 ANDREAE
786 232 1095 275 VSCHOTTI.
1456 237 1543 279 xvii

58 343 296 392 Solensis:
345 334 576 407 scripsere
611 353 660 393 et
694 347 1013 409 Chrysippus,
1050 349 1322 406 Cleanthes,
1371 351 1544 398 Theae-

56 427 200 476 tetus,
234 422 491 478 Aristides,
525 424 894 484 Aristophanes,
929 426 1202 487 AEschyffls,
1238 427 1391 489 Mylo,
1427 429 1543 474 Ari-

55 498 308 546 starchus:
342 515 478 560 quos,
507 501 592 561 qui
623 502 775 548 citant
806 503 1101 558 idemtidem,
1133 504 1305 566 legisse
1340 513 1540 565 apparet

55 588 136 621 eos
171 575 258 636 qui
293 577 355 622 ad
400 583 592 625 aetatem
641 585 855 626 nostram
892 582 1232 640 perdurarunt.
1299 582 1539 628 Zenobius

54 656 182 698 certe
227 652 476 716 Stagiritae
521 657 580 702 de
628 656 881 702 Paroemiis
932 657 1080 703 libros
1126 659 1341 713 advocat,
1389 665 1446 704 ut
1491 666 1539 704 et

54 728 272 791 AEschyli
308 746 363 777 ac
408 731 652 793 Mylonis:
698 733 784 793 qui
823 733 1155 793 philosophus,
1194 751 1303 781 cum
1347 735 1538 782 Ethicis

54 804 396 862 Nicomachiis,
431 814 536 854 tum
572 810 847 856 Rhetoricis
887 812 948 856 ad
988 810 1310 866 Theodecten,
1345 814 1537 858 ceteris-

53 898 148 944 que
191 883 376 946 ingenii
415 888 756 942 monumentis,
791 888 870 934 via
909 904 964 934 ac
1010 889 1196 936 ratione
1238 891 1536 950 conscriptis,

0 953 2 995 ἶ
51 961 306 1020 proverbia
328 963 476 1009 veluti
500 980 715 1026 gemmas
743 967 805 1010 ad
828 967 1098 1012 ornandum
1130 969 1539 1026 persuadendum-

51 1052 147 1098 que
170 1038 289 1085 bene
312 1040 550 1086 sentiendi
582 1042 813 1104 magister
835 1042 1112 1102 frequenter
1141 1046 1261 1089 solet
1292 1044 1535 1090 adhibere.

0 1143 3 1166 ÷
51 1114 338 1162 Clearchum
372 1119 539 1164 laudat
560 1118 831 1165 Athenaeus
857 1120 1239 1180 Dipnosophista
1261 1121 1343 1167 lib.
1370 1121 1460 1168 IV.
1486 1129 1536 1168 et

0 1195 3 1202 ²
51 1190 185 1248 VII.,
210 1193 384 1242 Suidas
401 1196 549 1242 etiam
575 1197 882 1243 Theaetetum
907 1198 1124 1243 nominat
1150 1198 1287 1244 Cent.
1304 1198 1397 1245 XI.
1424 1201 1535 1246 ada-

0 1315 3 1319 .
50 1269 133 1332 gio
178 1274 273 1327 20„
309 1279 367 1319 ut
406 1275 689 1336 AEschylum
725 1274 963 1336 tragicum
1012 1281 1158 1335 atque
1193 1276 1534 1323 Aristarchum

51 1347 327 1396 criticorum
351 1351 616 1412 principem
641 1353 700 1397 de
723 1351 990 1412 proverbiis
1015 1358 1187 1398 testem
1205 1354 1371 1399 laudat
1395 1354 1532 1400 Cent.

0 1466 4 1468 ,
49 1422 146 1470 ΧΙ.
171 1426 312 1489 adag.
338 1431 403 1483 2.,
437 1428 487 1474 in
519 1428 785 1490 iisdemque
814 1429 1114 1475 collectaneis
1144 1430 1324 1489 saepius
1357 1431 1536 1490 reperi-

49 1506 132 1548 tur
177 1498 398 1550 bDemon
445 1505 815 1553 Proverbiorum
859 1513 1039 1552 auctor.
1112 1507 1239 1552 Nam
1290 1506 1531 1569 Κλέανδρος,

0 1631 2 1633 ,
48 1593 189 1638 quem
226 1579 475 1629 Theocriti
500 1583 700 1630 Graecus
723 1599 818 1630 non
844 1585 1104 1630 admodum
1130 1590 1266 1629 vetus
1294 1585 1530 1644 interpres

0 1683 2 1691 =
47 1656 269 1704 nominat
307 1659 369 1704 ad
415 1659 536 1706 illud
582 1661 748 1722 Idyllii
787 1661 963 1720 quinti,
999 1676 1119 1705 vers.
1147 1664 1227 1706 21.
1271 1659 1377 1706 οὐδὲν
1418 1658 1529 1723 ἱερὸν,

49 1747 216 1780 vereor
237 1749 298 1780 ne
321 1743 601 1796 corruptum
637 1738 702 1783 sit
733 1753 908 1783 nomen
944 1753 969 1782 e
998 1736 1246 1791 Clearcho,
1272 1739 1345 1783 vel
1369 1738 1530 1798 potius

49 1809 296 1858 Cleanthe.
333 1813 601 1875 Didymum
619 1821 668 1860 et
692 1814 981 1860 Tarrhaeum
1002 1815 1447 1877 paroemiographos
1465 1818 1531 1861 le-

46 1887 123 1950 git
145 1904 201 1935 ac
217 1890 485 1951 descripsit,
499 1898 554 1937 ut
578 1898 785 1938 testatur
811 1894 1071 1955 ⁴Emypa4>ff‚
1090 1891 1328 1937 Zenobius
1353 1899 1529 1946 noster,

46 1965 361 2027 meminitque
396 1968 538 2015 Joan.
575 1969 784 2015 Tzetzes
832 1968 1051 2014 Chiliade
1087 1968 1232 2014 VIII.
1276 1969 1528 2016 Helladius

2 2031 4 2033 ’
46 2041 252 2103 denique
271 2042 309 2090 ἐν
331 2045 650 2108 Χρηστομαθείᾳ
669 2048 796 2106 apud
819 2045 1050 2091 Photium
1075 2045 1392 2093 Bibliothecae
1417 2063 1527 2109 pag.

47 2117 176 2166 Gall.
190 2121 415 2169 editionis
434 2126 579 2175 1579.
604 2122 790 2183 Δίδυμῠς
806 2120 894 2186 περὶ
912 2126 1145 2186 Παροιμιῶν
1159 2121 1350 2185 δεκατρία
1368 2123 1529 2178 βιβλία

0 2253 3 2258 Α
48 2197 290 2262 συντέταχε,
313 2199 382 2247 καὶ
415 2200 512 2266 πρὸς
539 2201 633 2255 τοὺς
663 2199 752 2266 περὶ
776 2206 1009 2266 Παροιμιῶν
1033 2198 1336 2262 συντεταχότας
1361 2200 1528 2263 ἐπιγρά-

0 2323 3 2324 7
46 2279 131 2331 ψαι-
169 2275 302 2324 affini:
339 2286 395 2326 ut
435 2281 663 2327 tredecim
701 2281 947 2341 scripsisse
986 2280 1134 2326 libros
1173 2279 1526 2325 Paroemiarum

0 2402 5 2411 ,
46 2350 314 2415 Didymum
338 2356 451 2403 hinc
473 2364 651 2418 pateat.
723 2358 798 2404 De
822 2357 1166 2418 Aristophanis
1190 2362 1352 2402 autem
1381 2359 1527 2401 Ἀττι-

0 2429 6 2457 3
45 2432 224 2477 κωτάτου
244 2432 431 2496 ἀμέτροις
451 2434 755 2498 Adagiorum
772 2450 920 2495 supra
937 2436 1041 2496 jam
1066 2435 1127 2480 ad
1146 2433 1349 2480 Eusebii
1367 2435 1524 2478 locum

46 2508 271 2556 diximus.
341 2511 509 2559 Latini
540 2529 666 2568 vero,
701 2514 853 2559 serius
885 2519 1063 2568 tamen,
1099 2512 1150 2557 id
1185 2517 1523 2573 argumentum

0 2611 6 2635 5
45 2590 294 2634 tentarunt
333 2589 492 2636 verius
527 2605 673 2650 quam
710 2596 994 2637 tractarunt.
1053 2589 1114 2635 L.
1128 2588 1360 2648 Appuleii
1394 2590 1520 2634 enim

44 2661 396 2722 Madaurensis,
420 2667 696 2728 philosophi
727 2667 980 2721 Platonici,
1015 2667 1194 2712 librum
1225 2667 1284 2711 de
1321 2665 1523 2711 Prover-

2 2730 15 2767 ἵ
44 2739 136 2806 hiis
159 2746 421 2791 secundum
446 2745 563 2791 citat
587 2745 801 2792 Carisius
827 2745 1085 2805 Sosipater,
1103 2744 1188 2789 lib.
1209 2743 1277 2789 II.
1303 2742 1519 2790 Gramm.

8 2822 15 2837 '¹
43 2831 164 2879 quos
203 2820 378 2868 Carisii
417 2823 565 2870 libros
604 2826 747 2887 longe
787 2838 934 2883 quam
975 2822 1206 2867 hactenus
1242 2820 1359 2866 editi
1407 2828 1520 2867 sunt

181 2975 203 3006 b
231 2978 412 3031 Demon]
435 2979 519 3018 Vid.
541 2981 808 3019 Hemsterhus.
829 2979 876 3017 ad
896 2978 1093 3030 Aristoph.
1112 2978 1211 3015 Plut.
1234 2990 1270 3027 p.
1289 2987 1381 3024 352.

770 3060 792 3085 c
