1852 3308
212 267 230 294 1
243 251 295 294 18
767 244 1140 290 PROVERBIA

112 381 196 425 942
277 367 438 416 XAmz
474 363 564 414 'nin
598 362 844 412 XMnEAoN:
882 360 1097 423 Παροιμιά
1118 358 1212 407 ὅταν
1233 355 1312 406 ἀπὸ
1334 362 1406 406 τοῦ
1429 355 1617 416 σῶζοντος
1649 354 1748 405 &A

643 443 886 507 Ἀναγράφει
912 440 954 487 δὲ
978 439 1101 497 αὐτὴν
1124 442 1254 490 κακῶς
1281 437 1592 501 Ἀριστοφάνης,

482 520 711 568 Ἐξηπάτησεν
729 521 749 566 ’ἦ
768 517 882 568 χάραξ
899 519 958 563 τὴν
977 517 1138 566 ἄμπελον,

212 445 425 508 σωζόμενον
447 446 568 511 πάθῃ.

115 621 198 665 943
279 602 515 652 ΧΑΡόΝῙοΣ
553 602 690 649 e‘pr:
726 599 821 647 Μία
845 604 914 646 τοῦ
942 594 1240 661 νομοφυλακιόυ
1271 595 1381 661 θύρα,
1404 594 1454 644 δι’
1477 593 1528 654 ἧς
1557 595 1597 644 οἱ
1625 617 1701 644 κα-

212 683 366 730 τάὸικοι
391 682 463 739 τὴν
485 678 549 728 ἐπὶ
573 680 740 727 θανάτου
763 678 962 741 ε’ξῆγοντο.

117 1011 200 1059 945

119 1396 201 1443 947

120 1468 203 1523 948

116 775 202 819 944
279 758 554 807 meonpfm
593 757 788 804 Ammoi:
823 761 921 809 Τοῖς
959 761 1165 809 πυκτικοΐς
1207 755 1346 818 ἱμᾶσι.

215 840 369 903 σάρκας
404 835 562 884 Κόπῒείν
586 833 652 882 Kal
676 833 927 882 ἀναλίσκειν.

214 915 279 964 τὸν
302 911 671 978 ἀποβιβρῶσκοντα
693 914 747 958 τὼ
770 919 898 976 χεῖρε.

1415 752 1503 801 Διὰ
1531 755 1587 806 ’τὸ
1620 753 1699 809 τὰς
1712 774 1745 808 Β

999 834 1168 883 Βέλτιον
1201 835 1242 882 δὲ
1270 833 1337 882 τόν
1361 835 1509 900 ὃεσμόν
1530 835 1699 893 οἷκοῦειν,

281 992 509 1040 ΟΧΑίΡΕιΝ
534 991 829 1038 ἑηιΣΤοΛΑἲΣΖ
863 995 972 1044 Ταῖς
1001 991 1242 1044 ἐπιστολαῖς
1262 989 1309 1038 τό
1332 990 1490 1057 χαίρειν
1510 991 1703 1058 προσετί-

215 1076 347 1129 θεσαν,
370 1070 419 1124 ὧς
443 1068 511 1117 καὶ
538 1069 831 1134 Ἀριστοφάνης
854 1067 924 1116 καὶ
948 1074 1180 1130 Σοφοκλῆς.

215 1148 476 1212 λαῦὊὊμ-ένων
498 1146 832 1213 προσαγόρευσις.

1248 1071 1380 1117 ‘'Em-a
1409 1070 1452 1118 δὲ
1475 1067 1545 1118 καὶ
1566 1071 1704 1119 ἀπαλ-

119 1234 203 1290 946
283 1228 400 1275 Xioz
437 1224 663 1275 ΠΑΡΑΣΤᾸΣ
700 1226 830 1274 ΚᾶοΝ
857 1224 939 1273 οὖκ
977 1223 1050 1272 ἐᾶι
1077 1224 1271 1273 ΛέΡΕιΝε
1311 1224 1408 1274 Ἀπὸ
1431 1222 1706 1292 ἆσὶραγάλων

217 1306 450 1371 Ρπαρῳὸἧθη
469 1308 494 1364 ἦ
511 1303 723 1369 παροιμίαι·
754 1301 822 1350 καὶ
842 1301 905 1351 ἐπὶ
924 1303 1197 1366 Θηραμένους,
1218 1302 1304 1352 ἐπεὶ
1324 1303 1448 1352 ἐδόκει
1468 1309 1572 1357 Χῖος
1589 1299 1704 1352 εἶναι.

284 1382 442 1432 ΧοΡόΝ
467 1382 683 1431 mmm:
724 1381 826 1430 *Enl
849 1388 924 1430 τῶν
949 1380 1174 1443 σκώμμασι
1199 1381 1397 1430 νικώντων.

286 1463 377 1510 er
651 1464 669 1480 Λ
747 1460 769 1480 Ἀ
969 1461 982 1479 Ι
1133 1477 1143 1487 ,
1184 1463 1238 1506 ..Ε
1274 1458 1285 1474 ἱ
1347 1465 1366 1475 n
1427 1460 1438 1477 ²
1659 1457 1674 1476 Ι

355 1483 507 1510 ΤΤΡΑῙΣ
544 1483 702 1511 ΛΗΜΩΝ
739 1484 769 1510 H
808 1479 1144 1510 KOAOKTNTAIS.
1241 1482 1285 1507 ‘m
1310 1481 1387 1508 Των
1413 1464 1709 1523 αμβλυωττθν-

273 1654 364 1692 942.
386 1641 483 1679 Zen.
505 1641 575 1678 VI.
596 1653 664 1690 40.

274 1709 367 1746 943.
390 1696 487 1733 Zeu.
507 1695 578 1733 VI.
598 1708 667 1744 41.

274 1763 365 1801 944.
387 1750 482 1788 Zen.
504 1750 572 1787 VI.
594 1761 659 1799 44.

274 1815 367 1855 945.
388 1805 477 1842 Vat.
500 1804 569 1842 lV.
592 1816 657 1852 44.

274 1869 294 1888 0
340 1860 492 1908 Χαίρειν]
543 1857 757 1896 Annotatio
807 1856 934 1909 potius

220 1926 334 1963 quam
363 1913 536 1964 adagium
557 1920 628 1950 est.
684 1910 818 1962 Χαίρειν
836 1910 933 1963 Epi-

220 1967 327 2005 stolis
356 1966 509 2005 inscribi
534 1967 744 2017 antiquitus
764 1966 934 2008 solitum,

222 2029 264 2058 ut
291 2019 324 2058 εὗ
350 2025 506 2071 πράττειν
531 2026 589 2058 καὶ
614 2024 780 2070 ὑγιαίνειν,
805 2028 938 2058 auctor

220 2074 485 2126 Aristophanis
509 2075 693 2126 interpres
711 2079 744 2113 ἐν
763 2077 938 2126 Νεφέλαις

224 2143 255 2167 v.
278 2130 371 2179 619.
402 2130 448 2167 ad
480 2129 543 2167 illa
566 2130 702 2167 verba:
734 2134 849 2178 πρῶτον
875 2128 936 2176 μὲν

223 2185 347 2233 χαίρειν
387 2187 600 2228 Ἀθηναίοισι.
658 2183 841 2222 Cleonem
883 2182 937 2220 ait

224 2237 388 2287 primum
405 2249 426 2274 e
441 2237 533 2285 Pylo
547 2246 586 2275 et
606 2237 801 2289 Spacteria
819 2237 937 2275 Athe-

226 2290 420 2328 niensibus
441 2290 670 2330 scribentem
701 2293 825 2341 χαίρειν
845 2305 940 2342 prae-

226 2344 434 2395 scripsisse,
473 2346 572 2395 quod
616 2346 654 2383 in
693 2358 802 2383 usum
853 2358 940 2382 mox

228 2398 351 2443 vertit,
399 2399 598 2437 Platonem
635 2413 724 2438 vero
770 2398 941 2450 epistolis

228 2450 261 2490 εὖ
280 2455 437 2501 πράττειν
457 2452 700 2504 inscripsisse.
747 2453 938 2504 Pythago-

228 2519 311 2544 reos
330 2509 482 2555 ὑγιαίνειν
500 2509 556 2544 καὶ
579 2510 687 2557 ὑγίεια
716 2507 938 2558 inscriptum

228 2568 394 2612 gestasse
408 2565 439 2597 ἐν
451 2566 656 2610 πενταγώνῳ.
674 2562 770 2600 Vide
780 2561 938 2599 Lucian.

229 2615 292 2652 De
311 2615 425 2652 verbo
444 2614 541 2652 inter
569 2616 810 2654 salutandum
835 2616 942 2666 lapso

233 2670 285 2718 [c.
302 2670 356 2717 2.]
382 2668 509 2706 Latini
530 2669 618 2707 hinc
639 2670 812 2708 mutuati.
845 2670 942 2707 Hor.

230 2723 298 2761 lib.
320 2723 354 2761 I.
375 2735 435 2773 ep.
455 2723 490 2760 8.
507 2723 608 2760 Celso
621 2726 784 2771 gaudere
803 2729 838 2760 et
859 2725 944 2761 bene

231 2790 306 2815 rem
333 2790 462 2826 gerere
480 2778 712 2815 Albinovano
741 2778 852 2814 Musa
881 2790 942 2814 ro-

229 2837 323 2881 gata
341 2831 449 2882 refer.
484 2831 543 2868 Ad
563 2843 676 2881 quem
697 2831 822 2868 locum
845 2830 945 2868 varia

231 2887 469 2937 interpretes.
500 2885 726 2922 SCHOTT.

284 2940 379 2990 946.
400 2940 491 2977 Vat.
511 2939 580 2976 IV.
601 2948 669 2988 45.

286 3003 307 3034 P
335 2994 523 3044 παρῳδῆθη]
556 2993 738 3044 Παρωθῆκη
762 2992 943 3043 scriptum

989 1646 1070 1678 erat
1099 1639 1139 1675 in
1159 1638 1361 1683 Vaticano,
1382 1637 1448 1676 sed
1479 1644 1574 1688 puto
1597 1653 1707 1689 παρφ-

989 1694 1059 1739 δικὴ
1080 1691 1203 1731 verius
1223 1705 1319 1736 esse,
1341 1691 1430 1743 quia
1448 1690 1612 1744 parodiae
1633 1691 1710 1730 for-

990 1761 1093 1785 mam
1115 1746 1265 1799 praefert
1283 1745 1462 1798 adagium
1479 1761 1487 1783 :
1520 1746 1590 1792 vel,
1611 1759 1708 1798 quo-

992 1802 1108 1840 modo
1127 1814 1228 1852 saepe
1248 1799 1411 1838 occurrit
1436 1801 1606 1847 ὐποθετικὴ
1625 1816 1710 1850 παρ-

989 1857 1093 1905 οιμία.
1151 1855 1330 1893 Senex-ius
1363 1863 1491 1893 autem
1527 1862 1587 1893 est
1624 1866 1711 1906 pro-

993 1909 1176 1955 verbialis,
1212 1908 1359 1958 adjecta
1387 1922 1481 1948 voce
1519 1922 1603 1960 quoe
1641 1909 1711 1947 ab·

992 1973 1084 2010 erat,
1107 1969 1206 2008 Κῢον,
1228 1977 1249 2002 e
1274 1963 1451 2001 Stratidis
1472 1962 1622 2001 Comici
1652 1962 1709 2003 fa-

992 2018 1115 2057 bulis:
1139 2017 1378 2069 explicatque
1400 2016 1618 2056 Hadrianus
1635 2018 1710 2055 Ju-

993 2073 1078 2111 nius
1136 2074 1248 2110 Cent.
1299 2072 1373 2109 ΙΙΙ.
1443 2070 1595 2124 Adagio
1644 2081 1710 2122 50.

993 2127 1225 2166 SCHOTT.
1271 2126 1442 2175 παρῳδῆθη
1463 2127 1507 2164 Α.

1047 2192 1141 2232 947.
1162 2181 1250 2218 Vat.
1272 2180 1343 2218 IV.
1365 2181 1433 2228 46.
1519 2210 1521 2213 .

1050 2244 1070 2274 (1
1091 2235 1204 2283 ὃιδῶω]
1235 2235 1333 2285 Χορὶν
1351 2235 1461 2282 δίδωμι
1481 2232 1618 2272 Suidas
1645 2233 1712 2272 ha·

995 2289 1073 2335 bet,
1093 2289 1274 2339 aliterque
1302 2288 1495 2340 explanat,
1526 2301 1610 2340 pro,
1632 2287 1712 2325 Ρα-

999 2345 1071 2381 tior
1092 2349 1126 2381 te
1146 2345 1301 2381 laudare
1319 2357 1364 2381 ac
1382 2344 1538 2385 vincere.
1559 2342 1631 2380 διο.
1665 2343 1714 2380 In

997 2398 1123 2436 Vatic.
1157 2406 1239 2435 erat
1271 2399 1367 2435 ὃιδῶω
1386 2412 1394 2434 :
1427 2395 1603 2448 equidem
1641 2398 1715 2444 διδῷ·

996 2453 1207 2497 tentabam,
1229 2451 1287 2489 vel
1316 2453 1432 2499 δίδωμι
1461 2463 1548 2488 cum
1582 2449 1712 2488 Snida.

997 2506 1224 2544 SCHOTT.
1256 2506 1317 2543 Ita
1337 2505 1506 2556 Hesych.
1538 2503 1646 2541 Nihil
1667 2517 1714 2542 ex

997 2560 1111 2598 Paris.
1144 2574 1166 2598 a
1198 2559 1332 2598 Bastio
1362 2566 1574 2598 enotatum.
1623 2557 1713 2596 Vid.

999 2615 1126 2653 Schol.
1147 2614 1244 2652 Plat.
1267 2628 1305 2666 p.
1328 2623 1415 2663 152.

1053 2669 1146 2719 948.
1167 2669 1257 2706 Vat.
1279 2669 1349 2706 IV.
1370 2678 1436 2717 47.

1054 2732 1070 2752 Γ
1089 2724 1249 2773 Χύτραις]
1274 2722 1469 2760 Lucianus
1488 2719 1530 2758 lu
1547 2720 1716 2758 Timone

997 2779 1212 2826 μισανθρώπῳ
1232 2778 1283 2826 [c.
1299 2777 1352 2826 2.]
1370 2782 1490 2823 Λημᾷς
1504 2774 1564 2812 καὶ
1576 2775 1715 2822 ἀμβλυ-

999 2834 1112 2870 ώττεις
1123 2831 1196 2880 πρὸς
1206 2834 1253 2868 τὰ
1263 2832 1434 2880 γενόμενα.
1447 2826 1669 2880 Apostolius
1676 2835 1717 2865 et

1001 2883 1134 2921 SuidaS
1156 2883 1195 2921 in
1218 2886 1367 2934 Κρονικαῖ
1385 2886 1505 2933 λῆμαι,
1529 2882 1716 2920 Saturm'ae

1001 2939 1113 2981 lemoe,
1131 2938 1231 2988 apud
1246 2939 1451 2976 Erasmum
1467 2935 1630 2975 Chiliad.
1643 2936 1715 2974 IV.

1000 2990 1182 3029 Centuria
1211 2992 1248 3029 6.
1284 2991 1430 3044 Adagio
1456 2992 1521 3030 61.
1569 2989 1716 3028 Vitiose
