1852 3308
0 336 134 376 '20

76 495 128 528 21

76 647 132 681 22

74 1117 128 1162 23

146 216 243 260 11-1.

144 415 251 474 κροΐς
276 409 661 471 σνκοφαντουμένων.

747 217 1028 260 ΖΕΝΟΒῙῙ.

1542 222 1625 278 285

1375 340 1394 350 aa

212 329 372 380 Aiunt
396 331 554 381 ὧοέεει
586 330 675 380 xiiis
713 331 828 379 ὅΝοΣ
857 332 998 380 Arium
1034 332 1176 381 xiim:
1216 331 1319 380 Ἐπὶ
1342 356 1416 381 των
1439 333 1534 382 “ἐπῖ
1556 350 1678 398 μι-Α

212 483 358 534 ι’Διόε
393 488 657 535 ΚόΡιΝΘοΣε
695 485 909 552 Παροιμίαι
941 485 1006 536 ἐπὶ
1038 494 1112 535 τῶν
1134 488 1188 536 τὰ
1216 486 1322 535 αὐτὰ
1345 486 1537 551 λεγόντων
1559 489 1628 537 καὶ

143 560 408 632 τραπέντων.

143 722 323 781 κρεῖττον
362 718 640 782 ἐκδεχομένων.

213 639 444 688 θΔέΧετΑι
483 640 559 688 κᾼὶ
599 642 746 689 ΒᾶΛοΝ
787 640 993 689 Almia-nx:
1020 639 1136 688 “Eri
1171 647 1244 688 τῶν
1278 643 1414 689 πάντα
1453 641 1551 707 πρὸς
1580 641 1626 690 τό

714 720 885 778 Ἀλήτην
917 719 997 784 γὰρ
1037 717 1146 780 φασὶ
1181 718 1386 782 φεύγοντα
1419 723 1627 767 κατελθεῖν
1643 729 1675 762 Β

143 792 386 857 βουλόμενον
411 795 470 849 εἷς
494 795 690 860 Κόρινθον,
714 794 782 844 καὶ
815 795 1013 853 βουκόλον
1036 794 1140 849 τινος
1170 795 1475 854 ἀπαντήσαντος
1509 796 1626 855 αι’τῆ-

144 892 218 918 σαι
244 872 409 936 τροφήν·
446 871 515 920 οὐκ
545 872 653 935 ἔχειν
681 873 723 921 δὲ
753 875 985 934 φάσκοντος
1016 871 1173 929 ἐκείνου,
1203 871 1369 936 ἄραντος
1404 873 1446 920 δὲ
1480 877 1627 932 βῶλον,

143 947 272 997 &evm
295 947 416 1014 αὐτῷ·
452 948 519 997 τόν
542 950 584 998 δὲ
607 949 794 1007 λαβόντα
815 952 958 1011 φάναι,

197 1032 349 1080 Δέχεται
367 1034 425 1070 καὶ
443 1035 548 1079 βῶλον
567 1034 704 1079 ἀλήτης.

1330 1028 1353 1052 ⁴

210 1104 448 1156 ᾱΔιΠΛοῶΣ
471 1106 672 1156 ΧΝΔΡΑΣε
708 1110 776 1158 Τὰ
800 1110 1042 1166 δισύλλαβα
1064 1109 1204 1174 ἀνδρῶν
1226 1108 1417 1171 ὀνόματα.
1481 1112 1669 1159 ‘³⁸00ch

143 1183 403 1249 ἐπίγραμμα,

141 1373 266 1425 sopho
283 1375 488 1427 agendum,
506 1384 545 1414 et
558 1376 619 1414 De
639 1375 855 1414 discrimine

141 1426 349 1467 adulatoris
370 1437 410 1467 et
427 1429 553 1475 amici,
574 1430 622 1468 de
650 1429 855 1468 adulatori-

142 1481 213 1520 bus
241 1481 296 1522 sic
324 1482 400 1521 ait:
425 1483 506 1521 ‘'oa-a
524 1488 558 1521 οὐ
575 1489 647 1534 πῦρ,
667 1488 701 1521 οὔ
719 1486 853 1535 σίδηρος,

141 1536 211 1574 οῦδὲ
246 1538 372 1586 χαλκὸς
409 1536 506 1587 εἴργει
553 1538 600 1585 μὴ
643 1543 764 1589 φοιτᾶν
801 1540 854 1576 ἐπὶ

141 1592 273 1629 δεῖπνον.
330 1590 425 1628 Tale
452 1600 492 1629 et
525 1591 650 1630 Flacci
683 1591 773 1629 illud
807 1591 855 1630 de

143 1653 378 1683 mercatore:
411 1647 489 1682 Per
512 1658 615 1684 mare
640 1648 856 1695 pauperiem

130 1697 299 1748 fugiens,
320 1711 390 1748 per
406 1711 511 1743 saxa,
535 1713 605 1748 per
632 1701 745 1748 ignes.
806 1699 856 1737 Et

144 1751 296 1790 Comici
314 1766 322 1788 :
354 1753 396 1789 Ε
400 1753 562 1803 stamma
582 1754 698 1791 cibum
717 1759 853 1802 petere.

141 1806 243 1843 Item
269 1806 426 1850 Catulli,
448 1820 577 1856 rapere
604 1809 649 1844 de
677 1820 768 1856 rogo
796 1821 854 1845 ce-

142 1871 241 1897 nam.
299 1859 417 1907 Quod
455 1861 502 1899 de
538 1860 715 1899 feralibus
751 1862 854 1899 cenis

142 1921 244 1952 recte
277 1914 438 1964 explicat
466 1916 529 1953 Jo.
553 1914 853 1961 Kirchmannus,

142 1965 239 2004 libro
285 1968 356 2006 IV.
404 1969 467 2006 De
503 1969 698 2007 funeribus
736 1969 852 2007 Rom.

141 2033 227 2072 cap.
265 2034 304 2072 5.
337 2023 565 2061 SCHOTT.
624 2023 715 2061 Vid.
743 2024 856 2075 Wyt·

143 2075 320 2114 tenbach.
339 2077 388 2114 ad
401 2076 594 2114 Plutarch.
612 2077 666 2115 11.
682 2092 719 2128 p.
735 2090 786 2128 50
800 2078 854 2116 D.

197 2135 218 2157 ⁸
235 2131 288 2168 ἐπὶ
314 2131 436 2179 μικρὰ]
468 2130 572 2169 Suid.
605 2130 755 2175 rectius,
780 2132 856 2169 Ἐπὶ

140 2188 272 2231 μικροῖς.
293 2184 523 2223 SCHOTT.
554 2186 606 2223 Et
627 2185 682 2224 sic
697 2186 742 2224 B.
761 2186 852 2235 326.

196 2234 218 2264 Β
237 2239 311 2281 Διὸς
341 2241 501 2289 Κόρινθος]
530 2239 769 2278 Pindaricum
799 2248 857 2278 est

142 2291 382 2341 proverbium
421 2292 458 2329 in
498 2293 671 2337 Nemeis,
720 2302 758 2331 et
802 2293 856 2332 ibi

144 2344 373 2383 Scholiastes
401 2345 586 2396 originem
615 2360 854 2386 commemo·

141 2406 212 2443 rat,
258 2399 446 2450 refertque
483 2413 528 2438 ea
564 2414 647 2451 quae
686 2401 856 2452 proxime

141 2452 339 2491 Zenobius
366 2455 414 2491 de
445 2454 572 2492 Alete.
630 2455 854 2506 Aristopha-

143 2519 211 2545 nes
248 2520 400 2558 quoque
428 2509 467 2546 in
498 2508 855 2547 Concionatricibus

145 2561 263 2610 [823]
288 2561 540 2600 Philostratus
568 2562 606 2599 in
637 2564 854 2614 Antipatro,

142 2621 183 2652 et
213 2614 253 2652 in
284 2616 528 2667 Euthydemo
557 2617 667 2654 Plato
699 2618 754 2668 [p.
780 2629 853 2668 292

142 2667 212 2718 Ε.]
247 2669 407 2707 Dictum
443 2679 611 2721 apparet,
646 2671 748 2721 quod
786 2685 855 2723 pro

144 2722 329 2762 concione
349 2724 566 2774 frequenter
587 2724 702 2762 nimis
721 2738 765 2762 ac
784 2738 854 2776 pu-

145 2776 224 2814 tide
253 2777 301 2814 ad
332 2791 509 2815 nauseam
539 2791 657 2828 usque
685 2777 777 2816 illud
798 2778 857 2816 in-

143 2830 413 2881 geminaretur,
447 2833 644 2870 Corinthus
676 2833 781 2871 Jovis
800 2834 856 2883 fi-

145 2885 227 2922 lius.
288 2885 400 2922 Unde
428 2893 467 2923 et
495 2886 534 2923 in
562 2887 693 2924 eadem
717 2886 855 2925 identi-

145 2937 232 2975 dem
253 2939 300 2976 ad
321 2938 515 2977 fastidium
545 2949 760 2991 repetentes
780 2949 857 2979 tor-

910 1384 1059 1427 quetur.
1090 1375 1319 1414 SCHOTT.
1375 1375 1463 1414 Vid.
1496 1377 1623 1415 Schol.

912 1430 1060 1468 Platon.
1083 1443 1118 1481 p.
1140 1431 1205 1480 96.
1236 1430 1440 1469 Heindorf.
1468 1431 1516 1469 ad
1544 1432 1624 1469 Eu-

911 1484 1015 1535 tlnyd.
1038 1498 1074 1535 p.
1095 1485 1187 1533 369.

965 1539 1170 1586 cAe‘xema]
1214 1537 1389 1575 Historia
1426 1546 1486 1576 est
1524 1538 1623 1589 apud

910 1593 1137 1630 Pausaniam
1159 1591 1198 1628 in
1219 1590 1472 1629 Corinthiacis
1493 1592 1545 1640 [c.
1561 1593 1620 1641 4.]

912 1645 1082 1689 Suidam,
1110 1644 1365 1696 Apostolium,
1401 1654 1439 1683 et
1469 1645 1622 1683 Pindari

910 1700 1157 1751 interpretem
1178 1698 1217 1736 in
1251 1698 1406 1736 Nemeis
1437 1707 1620 1743 extremo,

913 1763 955 1792 ut
967 1757 1047 1806 Jam
1068 1752 1261 1791 admonui.
1317 1752 1488 1790 Similem
1507 1753 1622 1791 habet

911 1808 1135 1846 Plutarchus
1167 1806 1205 1844 in
1236 1806 1537 1844 Problematibus
1562 1808 1619 1858 [p.

915 1874 993 1912 294
1039 1863 1107 1910 A.]
1160 1860 1368 1911 recitatque
1425 1861 1619 1898 Erasmus.

911 1916 1137 1955 SCHOTT.

964 1968 986 1999 d
1005 1971 1161 2018 Διπλοῧς]
1198 1970 1349 2022 Opinor
1381 1984 1451 2022 pro
1488 1972 1619 2020 ἀνδρῶν,

911 2024 1112 2074 ἀνδραπόδων
1149 2024 1345 2076 scripsisse
1392 2023 1620 2068 Zenobiam,

911 2078 981 2115 etsi
1036 2079 1169 2116 eodem
1229 2078 1344 2116 modo
1393 2077 1622 2128 Hesychius.

911 2131 1110 2183 Mancipia
1129 2132 1230 2171 enim
1251 2145 1294 2170 ac
1313 2131 1407 2170 servi
1421 2132 1526 2170 vafro
1546 2131 1623 2169 fere

912 2199 955 2224 ac
984 2186 1127 2237 duplici
1154 2187 1324 2239 ingenio,
1347 2186 1445 2224 fures
1471 2198 1623 2236 quoque

913 2239 1044 2284 habiti,
1078 2241 1125 2278 ad
1163 2255 1259 2291 quos
1297 2240 1412 2278 refert
1448 2238 1623 2277 Maronis

911 2294 1005 2331 illud
1040 2294 1215 2333 Serrius:
1255 2296 1353 2338 Quid
1390 2295 1527 2331 domini
1550 2294 1622 2344 fa-

912 2350 1018 2392 cient,
1040 2350 1178 2386 audent
1196 2362 1278 2386 cum
1298 2350 1391 2385 talia
1397 2347 1510 2397 fures
1523 2350 1545 2385 ‚9
1571 2348 1624 2385 Et

913 2403 1022 2438 trium
1054 2403 1261 2440 litterarum
1292 2404 1397 2440 homo
1420 2401 1524 2439 furax
1544 2414 1623 2439 ser-

910 2468 981 2492 vus
1019 2455 1141 2494 dictus
1176 2457 1311 2494 Plauto
1344 2455 1383 2492 in
1417 2455 1623 2492 Aulularia.

912 2508 1011 2546 Vide
1031 2523 1133 2560 prov.
1153 2512 1278 2548 Omnis
1295 2522 1419 2546 servus
1438 2510 1525 2546 hero
1544 2522 1622 2546 mo·

912 2564 1146 2612 nosyllabus‚·
1175 2572 1215 2601 et
1233 2564 1446 2602 Casaubon.
1471 2562 1508 2600 in
1529 2561 1623 2600 Ani-

915 2617 1036 2654 madv.
1057 2617 1120 2656 lib.
1142 2619 1193 2655 ΙΙ.
1217 2631 1299 2669 cap.
1327 2630 1358 2655 1.
1419 2618 1510 2655 Huc
1540 2629 1623 2667 per·

912 2671 1009 2708 tinet
1028 2679 1067 2709 et
1081 2671 1351 2710 Sallustianum
1367 2671 1460 2708 illud
1477 2686 1485 2707 :
1509 2671 1625 2708 Aliud

913 2738 987 2770 ore,
1009 2726 1114 2763 aliud
1126 2731 1276 2775 pectore
1286 2731 1473 2775 promtum
1485 2735 1622 2772 gerere.

915 2779 1077 2817 Homeri
1106 2779 1204 2825 loca,
1239 2793 1324 2830 quae
1355 2779 1430 2816 huc
1468 2778 1620 2818 faciant,

912 2834 1096 2871 Erasmus
1124 2833 1216 2882 [111.
1244 2846 1275 2878 1,
1301 2833 1380 2880 12.]
1412 2829 1549 2873 attulit,
1579 2841 1623 2865 ex

914 2901 990 2938 quo
1024 2893 1138 2938 poeta
1168 2887 1276 2924 Iliad.
1307 2886 1378 2922 IX.'
1410 2884 1456 2921 de
1488 2882 1624 2932 Ulysse

913 2941 1063 2993 duplice
1085 2943 1142 2988 (ut
1163 2948 1271 2979 vocat
1289 2940 1446 2976 Flaccus
1475 2936 1570 2973 libro
1591 2935 1622 2971 1.
