1852 3308
126 533 210 578 752

125 687 208 733 753

129 999 213 1043 754

222 259 277 301 92

224 363 300 411 KAi
338 362 457 412 XAAA
497 362 607 410 ἕΘΙ-Ῑ.

777 246 1151 290 PROVERBIA

223 464 300 495 νοις
322 442 591 500 ἀνετάζουσιν,
614 440 729 488 ἀλλὰ
751 441 1084 503 μεθυσκομένους.

290 518 524 567 ¹Oi'xooen
551 541 575 566 o
602 518 796 566 MApvrz:

222 598 374 663 Τυρίας,

837 515 940 566 Ἐπὶ
963 524 1038 566 τῶν
1060 518 1147 566 καθ’
1171 519 1318 566 ἑαυτῶν
1340 515 1583 582 ἐκφερόντων
1603 538 1711 583 μαρ-

294 674 499 723 *ΟΒοΛὸΝ
515 672 621 722 E‘ipss
638 673 951 720 mHApnfwzz
978 671 1301 738 Καλλίστρατος
1321 674 1504 741 Ἀθήνῃσι
1522 683 1713 722 πολιτευ-

224 756 396 816 σάμενος
422 752 731 814 ἐπικαλούμενος
755 752 798 799 δὲ
822 751 1055 816 Παρνῦτης,
1078 749 1221 815 μισθὸν
1239 750 1358 808 ἔταξε
1380 758 1466 806 τοῖς
1495 751 1759 806 δικασταῖς-Β

224 831 291 880 καὶ
325 838 410 884 τοῖς
445 831 786 888 ἐκκλησιασταῒς·
824 829 905 878 ὅθεν
930 830 1188 879 σκωπτόντων
1209 829 1329 878 αὗτόν
1351 837 1426 879 τῶν
1448 837 1629 895 κωμικῶν
1651 830 1711 886 εἷς

223 908 438 974 παροιμίαν
461 906 558 966 ἦλθε
582 907 626 955 τὸ
649 915 819 971 γελοῖον.

292 986 643 1034 “ὈΠιΣᾸΜΒΩΝ;
669 986 834 1045 Ταύτην
857 985 1098 1051 Χρύσιππος
1122 989 1264 1035 τάττει
1288 988 1399 1036 κατὰ
1421 994 1497 1036 τῶν
1515 995 1652 1053 χεῖρον
1674 988 1716 1037 ἐν

225 1073 308 1119 τοῖς
331 1068 549 1131 πράγμασι
574 1064 861 1129 προβαινόντων
884 1065 995 1131 παρὰ
1018 1064 1063 1114 τὸ
1087 1064 1150 1115 ἀεὶ
1175 1066 1303 1115 ὀπίσω
1326 1064 1496 1125 βαίνειν.
1541 1068 1715 1132 Μέμνη-

224 1167 292 1192 ται
317 1149 386 1192 roi)
410 1141 601 1206 ὀνόματος
623 1148 883 1205 οΣοφοκλῆς.

225 1321 313 1345 mem
343 1307 457 1343 animi
485 1308 683 1355 speculum,
714 1309 850 1356 ingenii
870 1308 939 1358 fo-

226 1375 311 1399 meS.
369 1362 434 1407 Et,
459 1362 565 1403 Quod
585 1363 621 1398 in
638 1364 743 1400 corde
762 1363 884 1406 sobrii,
904 1364 941 1400 id

227 1419 265 1453 in
298 1429 360 1452 ore
393 1416 494 1453 ebrii.
553 1416 773 1454 Graecorum
812 1425 940 1455 autem

226 1483 308 1508 esse
341 1470 414 1508 hoc
443 1469 683 1521 proverbium
710 1470 764 1508 ait
790 1471 938 1510 Plutar—

226 1526 319 1562 chus
349 1523 386 1561 in
415 1523 627 1563 Artaxerxis
649 1524 736 1569 vita,
763 1534 802 1564 et
821 1527 941 1564 Athe-

226 1591 330 1617 naeus
350 1578 415 1616 lib.
436 1579 488 1616 II.
533 1579 705 1617 Utuntur
723 1579 939 1632 Euripides,

224 1632 435 1684 TheogniS,
468 1641 508 1671 et
542 1633 690 1671 Plinius
724 1634 789 1672 lib.
826 1636 938 1673 XIV.

225 1701 311 1737 ca.p
353 1699 414 1724 22.
472 1688 594 1725 Persae
640 1702 794 1740 quoque
840 1690 942 1742 apud

225 1741 400 1779 eumdem
422 1741 668 1780 Plutarchum
698 1752 822 1782 exstat
849 1758 941 1796 apo-

227 1797 447 1847 phthegma.
491 1797 543 1833 Et
572 1797 756 1836 Horatius
787 1808 943 1837 venuste

229 1850 267 1887 in
302 1851 416 1888 Arte:
463 1851 581 1899 Reges
611 1854 785 1890 dicuntur
818 1856 944 1891 multis

229 1918 361 1953 urgere
388 1906 548 1949 culullis,
567 1907 618 1943 Et
641 1912 811 1956 torquere
829 1920 942 1951 mero,

231 1972 336 2008 quem
353 1962 575 2008 perspexisse
594 1962 777 1999 laborant.
810 1961 945 2000 Cicero

230 2014 361 2051 adhaec
377 2013 415 2050 in
428 2013 585 2064 Topicis
599 2015 647 2053 de
664 2015 708 2053 iis
725 2029 808 2065 quae
830 2017 943 2054 fidem

231 2066 269 2104 in
308 2067 592 2107 Quaestionibus
630 2070 833 2120 reperiant,
874 2084 944 2109 nu-

231 2129 351 2158 merat
371 2121 629 2168 vinolentiam,
661 2124 876 2174 pueritiam.
907 2133 948 2163 et

231 2174 434 2212 insaniam.
476 2177 669 2214 Nimirum
690 2179 794 2229 quod
815 2178 945 2217 hodie-

231 2241 306 2279 que
325 2230 529 2268 usitatum:
559 2231 708 2275 Ebrios,
730 2233 882 2277 stultos,
903 2247 946 2271 ac

231 2296 368 2337 pueros
401 2297 526 2322 verum
568 2286 791 2338 plerumque
829 2287 954 2325 effari.-

235 2334 461 2375 SCHOTT.

290 2403 384 2442 752.
406 2394 586 2431 Vat.111.
609 2407 674 2444 33.

287 2445 467 2495 ΙΟἴκοθεν]
505 2449 681 2486 Erasmus
714 2450 783 2498 [ΙΙ.
818 2462 855 2511 3,
886 2451 944 2499 6.]

233 2501 287 2538 sic
324 2500 512 2551 explicat.
562 2503 624 2541 ubi
659 2503 742 2554 quis
780 2503 946 2555 seipsum

233 2554 374 2593 laudat.
434 2556 560 2593 Locus
594 2570 680 2595 vero
710 2557 873 2596 Luciani
907 2559 947 2597 in

234 2609 332 2647 Jove
368 2609 560 2661 'lragoedo
601 2613 651 2661 [c.
691 2614 777 2661 32.]
818 2621 948 2651 nostro

227 2662 361 2714 potius
377 2664 538 2714 quadrat
552 2664 689 2710 sensui,
705 2667 806 2715 quod
824 2668 947 2706 Henr.

234 2718 451 2768 Stephanus
471 2718 657 2756 observat.
701 2720 872 2759 Adhibet
890 2722 948 2759 Μ.

232 2771 385 2810 Tullius
416 2771 512 2809 libro
545 2774 598 2810 ΙΙ.
633 2773 757 2824 Epist.
789 2775 834 2812 ad
865 2778 949 2813 Cae-

221 2826 341 2871 .lium,
361 2833 401 2864 et
420 2839 497 2863 non
519 2827 635 2865 semel
657 2827 760 2865 libris
780 2829 827 2866 de
840 2831 948 2867 Orat.

234 2881 281 2918 ad
309 2881 359 2921 Q.
387 2881 580 2919 Fratrem:
613 2882 794 2933 pluraque
826 2883 949 2921 Juris-

233 2934 397 2972 consulti
417 2935 464 2973 de
485 2935 643 2973 testibus
669 2950 691 2974 e
719 2937 835 2974 domo
862 2951 949 2989 pro-

234 2988 372 3027 ductis.
405 2989 638 3040 Phrynichus
653 2991 701 3028 de
714 2991 865 3029 vocibus
881 2994 948 3030 At-

234 3043 318 3081 ticis
335 3057 371 3094 1).
392 3044 454 3081 80.
471 3043 560 3082 edit.
575 3045 736 3096 August.
758 3049 947 3096 Κεχρῆσθαι

233 3102 325 3146 αὐτῷ·
336 3098 476 3147 (καθὼς)
488 3101 672 3150 Φύλαρχον,
682 3097 705 3136 ὦ
713 3105 769 3137 τοῦ
774 3103 944 3152 μάρτυρος,

996 1312 1035 1352 ὦς
1054 1306 1135 1346 ἔοικε
1153 1312 1211 1346 τοῦ
1228 1307 1442 1357 ἐπαγομένου.
1491 1307 1566 1347 Ubi
1582 1307 1652 1347 Vir
1670 1307 1718 1346 il-

997 1363 1126 1401 lustris
1143 1363 1215 1400 hoc
1227 1371 1380 1401 secutus
1395 1361 1636 1414 proverbium
1656 1376 1716 1402 re-

997 1417 1143 1468 posuit:
1171 1415 1219 1454 Ὦ
1232 1420 1399 1467 μάρτυρος
1420 1421 1461 1462 ὦς
1484 1417 1607 1456 οἰκέτου
1624 1421 1716 1457 ἐτει-

995 1473 1141 1522 γομένου.
1173 1471 1403 1510 SCHOTT.

1056 1537 1148 1576 753.
1169 1527 1256 1564 Vat.
1278 1527 1352 1564 111.
1374 1536 1440 1576 35.

1054 1590 1086 1610 m
1110 1582 1297 1631 Παρνῦτης]
1347 1581 1525 1631 Παρνοῖτης
1560 1593 1648 1619 cum
1689 1597 1717 1618 οι

997 1635 1239 1687 diphthongo
1269 1634 1308 1673 in
1339 1635 1507 1674 secunda
1531 1634 1677 1687 syllaba
1695 1648 1718 1674 e

998 1689 1074 1728 suis
1093 1689 1235 1729 schidis
1255 1689 1336 1728 edit
1356 1690 1549 1734 Erasmus,
1571 1689 1635 1728 ubi
1654 1689 1719 1728 hic

999 1762 1016 1782 υ
1036 1753 1109 1784 est.
1142 1745 1372 1783 SCHOTT.

1057 1811 1148 1849 754.
1172 1800 1258 1837 Vat.
1279 1799 1354 1837 111.
1375 1799 1442 1848 36.

1054 1862 1076 1882 ¹¹
1103 1854 1345 1903 Ὀπισάμβων]
1383 1853 1466 1891 Vox
1503 1866 1586 1891 rara
1620 1856 1719 1892 ’0⁴11-

1001 1908 1127 1957 σαμβῶ
1151 1909 1213 1954 (ut
1231 1906 1385 1958 quidem
1406 1907 1539 1946 scribit
1557 1915 1718 1946 accentu

1002 1961 1040 2000 in
1079 1961 1214 1999 ultima
1247 1961 1490 2008 Eustathius,
1521 1975 1543 2000 e
1575 1961 1720 2000 Lexico

1001 2016 1186 2067 quodam)
1227 2029 1297 2066 pro
1335 2020 1380 2060 εἷς
1410 2018 1553 2054 τούπίσω
1585 2020 1721 2064 ἀναχω-

1001 2071 1105 2121 ρήσει,
1128 2072 1266 2108 incessu
1286 2072 1518 2119 retrograde,
1537 2069 1577 2108 in
1594 2073 1718 2110 Ἰλιαδ.

1002 2126 1046 2163 λ’.
1067 2124 1204 2176 pagina
1226 2125 1317 2163 806.
1347 2124 1560 2163 Basileens.
1581 2123 1720 2163 editio-

1003 2178 1074 2217 nis.
1123 2178 1349 2217 Derivatum
1369 2192 1419 2217 ex
1436 2181 1537 2217 ὀπίσω
1556 2180 1615 2217 καὶ
1634 2183 1718 2217 ἀνα-

1001 2235 1139 2280 βαίνειν,
1167 2233 1239 2271 hoc
1268 2242 1339 2280 est,
1371 2241 1413 2272 ut
1438 2234 1634 2272 Homerus
1662 2233 1719 2271 lo-

1002 2287 1144 2339 quitur,
1164 2288 1264 2325 ὂπῖσω
1282 2291 1532 2336 ἀναχάζεσθαι.
1586 2288 1722 2326 Affinis

1003 2343 1161 2380 notione
1194 2350 1253 2380 est
1286 2344 1529 2390 ὄπισθοβάμων.
1562 2347 1721 2381 retroce-

1003 2399 1102 2441 dens,
1126 2395 1164 2434 in
1189 2399 1410 2435 Graecorum
1431 2396 1722 2449 Epigrammate

1003 2451 1051 2489 de
1072 2464 1239 2503 paguro:
1274 2458 1316 2489 ut
1335 2451 1383 2489 de
1408 2453 1554 2490 cancris
1574 2453 1619 2490 C.
1642 2452 1721 2490 Pli-

1006 2505 1104 2550 nius,
1145 2506 1361 2543 Retrorsum
1402 2508 1491 2556 pari
1529 2508 1724 2544 velocitate

1004 2563 1172 2598 redeunt.
1231 2561 1276 2598 In
1301 2561 1348 2598 B.
1370 2559 1635 2612 Chrysostomi
1654 2560 1721 2599 Li-

1005 2623 1080 2654 tur.
1097 2622 1268 2653 extrema
1287 2614 1437 2666 legitur,
1454 2616 1535 2663 εὐχὴ
1553 2617 1723 2664 ὄπισθάμ-

1004 2671 1112 2715 βωνος,
1145 2683 1221 2706 una
1253 2668 1454 2721 interjecta
1483 2668 1623 2712 littera,
1653 2668 1720 2707 sed

1006 2724 1053 2761 ab
1087 2724 1265 2768 ambone,
1297 2722 1458 2775 pulpito.
1518 2722 1722 2775 Sophoclis

1005 2785 1133 2815 autem
1163 2778 1289 2815 locum
1321 2776 1361 2815 in
1388 2777 1433 2815 iis
1459 2791 1543 2828 quae
1571 2785 1723 2816 exstant

1006 2831 1198 2883 tragoediis
1229 2845 1306 2869 non
1347 2831 1479 2882 reperi,
1510 2831 1581 2869 nisi
1621 2832 1722 2870 forte

1004 2886 1043 2922 in
1055 2885 1100 2922 iis
1115 2899 1198 2937 quae
1217 2894 1433 2937 temporum
1449 2885 1586 2935 injuria
1601 2885 1719 2925 inter-

1006 2939 1193 2978 ciderunt.
1219 2941 1446 2979 SCHOTT.

1059 3001 1076 3016 ⁰
1095 2994 1158 3031 Fr.
1198 3007 1290 3043 921.
1329 2995 1418 3034 Vid.
1458 2995 1632 3035 Lobeck.
1667 2995 1720 3033 A-

1002 3048 1155 3100 glaoph.
1177 3062 1216 3099 p.
1240 3058 1330 3098 733.

679 362 804 410 Κατὰ
827 360 872 409 τὸ
895 362 1080 428 πρότερον
1111 361 1290 426 Πέρσαι,
1314 358 1461 422 φασὶν,
1485 360 1528 409 οὖ
1562 361 1754 419 &od-A

1727 1158 1759 1192 C
