1852 3308
84 496 262 529 Paroemio-

81 541 197 592 graplii
214 551 267 572 su-

83 590 241 625 perstites.

83 809 255 841 Zenobius.

73 2751 247 2792 Diogenia-

71 2806 146 2826 nus-

306 220 406 261 xviii
871 222 1209 265 PRAEFATIO

305 335 540 392 melioreS,
581 340 1008 400 locupletioresque
1050 340 1234 386 Graecis
1274 340 1483 394 vocibus,
1524 352 1671 398 penes
1708 351 1786 382 me

304 428 508 460 asservo.

374 492 622 538 Hactenus
646 495 705 539 de
728 494 916 540 amissis
941 494 1039 540 sive
1064 501 1336 554 temporum
1361 493 1558 554 injuria,
1582 492 1681 538 sive
1711 491 1786 537 in-

304 569 438 614 curia
475 570 730 630 majorum,
770 571 1234 634 paroemiographis:
1272 578 1464 617 transeo
1498 571 1559 615 ad
1588 585 1669 616 eos
1699 567 1784 628 qui

303 646 353 692 in
378 648 601 693 manibus
625 649 818 707 quidem
844 651 925 694 sed
955 665 1320 709 perpaucorum,
1344 649 1435 694 hoc
1469 653 1542 694 est
1573 646 1784 693 erudito-

303 741 411 771 rum
436 725 704 779 hominum,
730 733 998 780 versantur,
1024 732 1073 772 et
1095 742 1223 772 nunc
1247 741 1392 785 opera
1419 730 1586 771 nostra
1608 723 1784 769 Latine

302 808 563 862 utcumque
599 803 790 856 redditi,
816 803 1104 863 scholiisque
1128 804 1367 863 prodeunt
1394 801 1639 848 illustrati.
1697 798 1785 845 Ze-

303 879 515 932 nobium,
540 886 596 924 ut
617 879 856 925 Hadriani
881 879 1012 941 Aug.
1038 886 1159 926 teste
1183 880 1334 926 Suida
1353 878 1603 938 aequalem,
1627 876 1785 936 prima

302 956 349 1001 in
376 956 476 1002 acie
494 957 718 1002 collocavi
739 972 752 1011 3
790 957 952 1017 itaque
978 972 1202 1016 nuncupo
1226 956 1390 1002 Suidae
1414 956 1629 1017 ejusdem
1652 969 1786 1000 secu-

301 1040 379 1079 tus
404 1035 768 1080 auctoritatem:
803 1034 872 1079 sic
903 1034 1031 1080 enim
1067 1034 1175 1079 ille:
1212 1031 1406 1088 Ζηνόβιος
1443 1030 1664 1092 σοφιστὴς,
1687 1050 1783 1076 παι-

302 1109 446 1161 δεύσας
467 1109 653 1175 ε’νῬῶμῃ
669 1108 734 1157 ἐπὶ
760 1110 956 1173 Ἀδριανοῦ
979 1107 1201 1172 Καίσαρος,
1221 1109 1394 1173 ἔγραψεν
1413 1108 1606 1170 ἐπιτομὴν
1628 1112 1786 1172 Παροι-

300 1193 398 1247 μιῶν
421 1187 602 1249 Διδύμου
627 1185 695 1234 καὶ
719 1187 935 1251 Ταρραιόυ,
960 1190 997 1233 ἐν
1022 1187 1213 1242 βιβλίοις
1245 1186 1370 1249 τρισί.
1440 1187 1597 1240 Quem
1632 1187 1784 1233 Zeno-

301 1268 468 1311 dotum
506 1268 802 1326 plerumque,
838 1266 995 1311 rarius
1030 1266 1311 1319 Zenobium‚
1350 1264 1631 1310 Desiderius
1667 1263 1785 1310 Chi-

300 1343 462 1388 liastes
492 1343 725 1398 nominat,
750 1342 1108 1402 AristophaniS,
1141 1343 1327 1402 opinor,
1351 1348 1559 1388 veterem
1591 1348 1782 1388 secutus

301 1427 626 1466 enarratorem
659 1419 697 1466 ἔν
733 1419 948 1479 Νεφέλαις
989 1417 1172 1485 [133.],
1208 1420 1292 1465 ubi
1328 1420 1493 1465 eadem
1521 1419 1636 1474 fere,
1670 1434 1783 1479 quae

300 1498 465 1543 hocin
497 1498 743 1557 scriptore,
767 1500 1004 1560 legantur.
1075 1498 1217 1544 Certe
1251 1496 1559 1551 Ammonius,
1591 1495 1690 1542 sive
1725 1497 1782 1550 is,

299 1581 354 1619 ut
378 1575 529 1620 doctis
552 1577 722 1634 placet,
743 1575 1019 1620 Herennius
1044 1574 1185 1620 Philo
1203 1581 1290 1629 est,
1305 1575 1420 1620 dict.
1445 1570 1613 1628 ΟὖΔὲΝ,
1630 1574 1783 1619 Zeno-

298 1653 466 1697 dotum
508 1653 792 1712 reprehendi
834 1653 903 1698 ait
948 1659 1154 1698 veterem
1204 1652 1601 1706 Grammaticum,
1637 1666 1781 1711 quem

299 1736 465 1776 auctor
489 1730 816 1792 Etymologici
840 1731 1020 1794 magni,
1046 1731 1242 1776 Marcus
1265 1730 1390 1777 forte
1422 1730 1671 1784 Musurus,
1695 1729 1784 1775 Ze-

298 1808 495 1853 nobium
528 1824 694 1854 vocare
726 1809 930 1854 videtur.
999 1807 1188 1854 Adhaec
1229 1809 1358 1868 quod
1395 1807 1650 1853 dicendum
1684 1805 1780 1853 fuit

298 1885 492 1944 saepiuS,
520 1886 755 1932 incertum
782 1886 983 1932 eruditis
1015 1892 1087 1932 est
1119 1886 1395 1931 hominibus
1428 1900 1491 1930 an
1519 1899 1578 1929 ex
1609 1883 1780 1930 comici

297 1961 427 2007 illius
483 1962 746 2010 Scholiaste
795 1964 878 2010 Gr.
927 1965 1177 2024 plerasque
1223 1963 1507 2026 adagiorum
1554 1963 1782 2021 explana-

297 2039 466 2093 tiones,
490 2046 546 2084 ut
581 2040 674 2086 alia
702 2057 760 2087 ex
793 2041 899 2088 aliis
929 2041 1132 2088 infinitis
1167 2042 1458 2095 auctoribus,
1489 2040 1663 2086 Suidas
1699 2041 1780 2086 de-

297 2117 522 2162 sumserit
543 2132 555 2171 3
582 2133 643 2162 an
668 2125 835 2164 contra
858 2135 884 2164 e
908 2118 1058 2164 Suida
1077 2115 1183 2164 κατὰ
1207 2117 1338 2170 πόδας
1355 2124 1608 2164 mutuatus
1631 2117 1780 2163 Scho-

297 2193 458 2238 liastes
483 2195 732 2241 videatur:

536 2281 599 2318 Sic
619 2283 740 2320 critici
760 2292 919 2326 certant,
942 2292 981 2321 et
1000 2283 1126 2321 adhuc
1146 2284 1217 2321 sub
1231 2281 1362 2335 Judice
1383 2280 1428 2319 lis
1449 2290 1519 2320 est.

297 2351 609 2397 Converterat
645 2360 803 2399 autem
841 2354 1106 2400 Zenobium
1143 2354 1270 2400 Gilb.
1303 2353 1567 2416 CognatuS,
1598 2353 1779 2414 Sequa-

296 2444 402 2483 nus,
421 2431 597 2475 assecla
621 2430 845 2486 Erasmi;
873 2433 1001 2492 quod
1025 2432 1236 2492 primum
1260 2447 1320 2478 ex
1344 2430 1590 2476 Ludovico
1615 2431 1778 2476 Nonio

295 2505 478 2551 medico
502 2506 697 2568 insigni,
723 2524 828 2553 cum
849 2510 953 2569 jam
978 2509 1079 2568 ipse
1104 2508 1367 2562 vertissem,
1391 2508 1607 2569 cognovi.
1666 2508 1778 2561 Quo

294 2582 522 2642 inspecto,
547 2586 702 2629 oleum
729 2592 776 2630 et
800 2601 1009 2644 operam,
1032 2586 1127 2631 nisi
1151 2602 1227 2632 me
1250 2601 1374 2641 amo,
1398 2585 1596 2631 minime
1618 2586 1778 2645 perdi-

294 2659 419 2704 disse
443 2661 748 2719 deprehendi.
1316 2663 1319 2666 ⁵

364 2737 561 2796 Excipit
585 2739 713 2784 hunc
738 2741 1068 2803 Diogenianus
1095 2743 1416 2796 Heracleotes,
1445 2743 1582 2802 cujus
1617 2742 1777 2788 hacte-

295 2830 386 2860 nus
409 2813 616 2860 ἀνεκδότου
639 2818 817 2876 duplex
841 2821 1023 2864 calamo
1054 2826 1305 2865 exaratum
1340 2821 1597 2879 exemplar,
1620 2819 1776 2865 inves-

293 2892 506 2953 tigando,
531 2898 586 2937 ut
612 2892 678 2946 fit,
703 2909 808 2939 sum
846 2902 1152 2942 consecutus:
1188 2913 1338 2942 unum
1375 2912 1400 2942 e
1437 2896 1660 2942 Palatina
1688 2897 1775 2942 Bi-

293 2969 530 3015 bliotheca
563 2970 689 3015 docti
726 2972 813 3017 viri
846 2973 1100 3029 benefici03
1139 2976 1341 3020 alterum
1375 2990 1403 3020 a
1429 2973 1534 3020 Pet.
1561 2973 1772 3020 Pantino
