1800 3250
491 217 775 295 ANDREAE
808 217 1108 259 SCHOTTI.
1490 231 1546 258 xv

63 339 210 394 tione,
231 343 282 386 et
304 298 650 385 Nazianzenus
678 336 931 398 theologus
967 334 1125 395 Epist.
1150 335 1212 380 ad
1237 334 1547 388 Nicobulum,

0 418 2 420 ’
62 418 277 465 tradunt.
346 416 422 462 De
445 416 807 477 proverbiorum
830 421 990 461 autem
1017 412 1220 475 origine,
1235 419 1284 458 et
1307 413 1371 458 ad
1394 412 1547 472 expli-

62 495 269 543 candum
297 494 591 548 difficultate,
616 492 695 548 (de
721 508 819 553 qua
846 492 991 538 etiam
1016 491 1073 537 in
1096 490 1270 553 adagio
1293 486 1548 535 Herculei

62 569 259 620 labores
290 572 525 620 Erasmus
562 571 826 632 disseruit‚)
850 570 919 616 sic
956 568 1198 615 Eusebius
1234 566 1547 614 Caesariensis

0 641 4 702 s
65 649 337 712 Episcopus
359 651 485 698 libro
509 651 549 697 Ι.
566 652 627 697 de
649 650 806 696 tribus
830 654 997 694 contra
1022 647 1306 693 Marcellum
1326 646 1548 706 Ancyra-

0 720 4 722 *
64 743 184 776 num
208 728 372 790 Episc.
395 745 517 790 quos
540 728 786 789 scripsisse
810 725 1078 772 Eusebium
1097 724 1316 770 Socrates
1340 730 1549 770 testatur

64 805 418 855 Ecclesiasticae
446 807 575 853 Hist.
600 807 683 853 lib.
710 806 749 852 Ι.
773 820 875 865 cap.
893 807 973 850 25.
1007 802 1150 856 Quod
1182 817 1302 862 opus
1327 817 1437 847 cum
1461 800 1548 847 tri-

0 914 8 951 ξ
65 883 156 932 bus
188 885 248 931 de
282 883 621 931 Ecclesiastica
660 881 929 945 Theologia
962 882 1175 943 ejusdem
1213 879 1350 926 libris
1382 881 1548 925 adver-

64 976 148 1008 sus
169 963 391 1008 eumdem
417 962 717 1016 Marcellum,
733 961 850 1022 quia
863 959 1107 1006 'ineditum
1132 958 1290 1005 adhuc
1313 958 1548 1004 delitescit

0 1026 4 1071 3
65 1041 195 1101 apud
219 1040 499 1095 Britannos,
517 1055 615 1101 qua
627 1040 750 1086 fidea
772 1039 947 1099 accepi,
971 1036 1049 1084 hic
1071 1044 1393 1097 repraesento:
1420 1039 1550 1098 Ὀρᾷς

0 2814 25 2963 »21‹1÷⁴·*25-1>.v,02⁴›
0 2697 22 2809 *amm
0 2516 15 2638 *r
0 2449 11 2490 w

64 1115 113 1165 τὸ
135 1117 333 1182 δυσχερὲς
366 1123 441 1176 τῆς
476 1115 726 1180 Παροιμίας·
761 1114 782 1163 ὃ
814 1112 883 1162 καὶ
918 1112 986 1161 ὃιοῖ
1019 1113 1167 1161 τούτων
1191 1112 1387 1160 δείκνυται
1412 1111 1479 1160 3ιοῖ
1501 1111 1548 1160 τό

64 1194 171 1258 μῆὃε
193 1193 259 1243 ἐπὶ
280 1201 356 1254 τῆς
377 1194 504 1254 αὖτῆς
527 1193 738 1259 ἑρμηνείας
761 1199 904 1252 στῆναι
927 1192 1023 1246 τοὺς
1050 1196 1122 1249 τὴν
1144 1190 1377 1254 Παροιμῖαν
1398 1191 1550 1248 ταύτην

66 1271 344 1336 ἐξηγήσασθαι
375 1273 662 1331 βουληθέντας.
732 1268 852 1318 Οὕτω
883 1269 1121 1334 ὃυσεῦρητόν
1143 1290 1183 1316 τι
1208 1274 1384 1333 πρᾶγμα
1406 1266 1452 1316 το
1476 1274 1550 1326 τῆς

68 1350 304 1416 Παροιμῖας
325 1349 395 1400 καὶ
428 1347 538 1416 παρὰ
561 1357 647 1403 τοῖς
675 1348 808 1406 ’ἔξωθεν
843 1346 940 1397 εἶναι
968 1349 1088 1397 δοκεῖ.
1157 1346 1236 1395 Διὸ
1276 1346 1351 1394 καί
1380 1368 1444 1399 τις
1477 1352 1552 1392 τῶν

65 1428 159 1493 παρ’
196 1428 335 1483 aba-oi}
377 1435 525 1491 σοφῶν,
561 1426 797 1492 συναγαγὼν
830 1428 907 1479 τὰς
944 1426 1017 1475 ὑπὸ
1055 1433 1215 1475 πολλῶν
1251 1424 1319 1474 καὶ
1355 1424 1551 1490 διαφόρων

67 1506 290 1571 λεχθείσας
324 1507 559 1573 Παροιμῖας
594 1507 653 1561 εἷς
686 1505 818 1560 αὖτοῖς
850 1506 1039 1571 ’γέγραφε
1081 1504 1241 1561 βιβλία
1275 1504 1340 1551 δύο
1374 1505 1448 1566 μὲν
1474 1509 1551 1550 τῶν

65 1585 219 1652 μέτρων
242 1587 387 1645 (forte
411 1586 631 1650 ἐμμέτρων,
655 1593 741 1633 aut
773 1582 840 1631 διὰ
869 1584 1041 1648 μέτρων)
1073 1588 1147 1630 τῶν
1176 1583 1219 1630 δὲ
1250 1582 1430 1645 ἀμέτρων
1452 1580 1550 1628 τέσ-

69 1684 192 1727 σαρα.
246 1664 417 1716 Ταύτας
440 1664 482 1711 δὲ
506 1661 740 1726 Παροιμιάς
764 1660 974 1723 ὠνόμασαν
997 1661 1035 1708 οἵ
1056 1660 1190 1716 ἔξωθεν
1214 1659 1261 1707 δι’
1278 1659 1383 1707 οὐδὲν
1406 1659 1550 1723 ἕτερον,

70 1738 160 1803 ἔμοι
194 1740 317 1798 δοκεῖ,
339 1739 435 1788 ἀλλ’
461 1740 598 1798 ἐπειδη
625 1745 720 1792 ταῖς·
751 1744 822 1786 τοῦ
858 1741 1097 1800 σοφωτάτου
1132 1743 1362 1800 Σολομῶνος
1396 1742 1553 1802 Παροι-

67 1817 187 1881 μῖαις
209 1818 528 1882 ἐντυγχάνοντες,
553 1816 621 1865 καὶ
643 1815 903 1880 γινώσκοντες
922 1816 969 1864 δι’
987 1816 1129 1874 αὐτῶν,
1152 1837 1218 1864 οτε
1243 1815 1388 1863 οὐδέν’
1371 1837 1483 1862 εστιν
1507 1816 1552 1863 ἐκ

68 1902 140 1944 τοῦ
161 1896 372 1962 προχείρου
404 1901 548 1957 σαφῶς
583 1901 659 1942 τῶν
687 1896 725 1943 ἔν
755 1894 899 1948 αυταῑς
924 1895 1131 1960 εἰρημένων
1158 1899 1314 1957 μαθεῖν,
1339 1892 1407 1940 καὶ
1439 1891 1553 1941 αὐτοι

70 1980 250 2034 ζηλῦσαι
285 1996 332 2022 το
367 1971 629 2038 Προφητικον
663 1973 928 2032 βουληθέντες
961 1975 1153 2037 γράμμα,
1177 1993 1245 2019 τον
1274 1992 1392 2018 αυτον
1423 1970 1555 2018 ἐκείνω

68 2055 309 2117 γεγράφασι
341 2051 486 2117 τρόπῳ.
555 2053 748 2099 Nollem
782 2053 1024 2099 Eusebius
1052 2052 1283 2112 sapientis
1315 2051 1446 2096 illius
1469 2066 1556 2096 no-

68 2147 181 2179 men
195 2120 394 2179 ‘silentio
415 2132 629 2186 texisset,
654 2132 990 2178 hariolandum
1016 2136 1072 2176 ut
1101 2130 1254 2176 doctis
1277 2128 1555 2175 hominibus

69 2210 247 2258 idcirco
280 2210 427 2256 etiam
451 2209 687 2265 videatur,
711 2211 826 2270 quia
862 2209 1068 2268 scriptor
1096 2208 1192 2262 ille,
1216 2207 1435 2268 quisquis
1467 2212 1554 2261 est,

70 2287 329 2334 intercidit.
401 2287 608 2333 Memini
625 2286 1005 2347 Aristophanem
1028 2284 1262 2332 comicum
1286 2285 1346 2329 de
1365 2299 1558 2343 prover-

71 2365 165 2412 biis
181 2364 371 2428 ἀμέτροις
394 2366 584 2412 laudari
602 2366 653 2411 in
676 2365 883 2419 Avibus,
906 2381 936 2410 a
960 2363 1226 2410 Scholiaste
1250 2361 1422 2408 Graeco
1443 2377 1553 2423 pag.

71 2459 270 2504 nuperae
285 2444 400 2490 edit.
412 2442 526 2490 601.
537 2444 595 2498 F,
607 2440 674 2507 [v.
684 2440 858 2503 1292]
876 2449 933 2489 ut
948 2440 1133 2503 ἔμμετρα
1146 2440 1291 2486 etiam
1308 2439 1555 2499 scripsisse

73 2523 308 2585 conjicere
353 2523 510 2577 liceat,
554 2522 649 2568 nisi
689 2522 815 2567 forte
863 2519 1120 2567 comoedias
1160 2524 1316 2564 metro
1353 2517 1555 2577 scriptas

72 2599 436 2660 proverbiorum
473 2599 630 2659 lepide
663 2599 864 2645 refertas
903 2597 1173 2660 intelligere
1210 2598 1380 2656 placet.
1453 2595 1556 2640 Ho-

71 2692 181 2723 rum
195 2677 347 2723 vicem
364 2677 657 2736 supplebunt
679 2674 863 2738 ἔμμετρα
878 2675 1205 2738 Scaligeriana
1222 2673 1351 2719 hisce
1374 2671 1554 2726 addita,

52 2795 57 2798 ⁹
127 2799 148 2821 ⁸
177 2793 294 2831 Hunc
331 2792 458 2830 locum
497 2805 584 2830 cum
622 2791 783 2829 Schotto
839 2804 860 2828 e
895 2791 1012 2829 MSS.
1046 2787 1159 2827 Bodl.
1193 2788 1246 2838 [E
1272 2799 1304 2824 1.
1331 2799 1391 2824 10.
1413 2794 1453 2823 et
1476 2786 1554 2833 11.]

72 2847 422 2885 communicaverat
453 2846 638 2884 Ricardus
664 2846 783 2883 Mon-
839 2844 1015 2883 dabimus
1038 2844 1109 2881 sub
1137 2843 1250 2880 finem
1283 2840 1394 2889 hujus
1420 2840 1554 2891 praefa-

73 2902 252 2947 tuentius,
266 2901 348 2952 ipso
360 2909 457 2939 toete
470 2900 507 2937 in
523 2908 656 2937 annot.
672 2912 782 2951 p-12-
840 2898 970 2937 tionis.
1043 2898 1130 2936 Nec
1168 2909 1288 2948 pauca
1325 2894 1405 2932 aliis
1443 2892 1555 2931 corri-

75 2954 149 2993 col.
168 2955 204 2992 b.
219 2963 315 2993 extr.
330 2955 390 2993 ed.
406 2954 521 2992 Paris.
540 2954 657 2991 1628.
700 2955 785 2992 Nos
842 2953 967 3006 genda
987 2950 1248 3002 relinquimus.

1 3011 11 3031 ¹
73 3007 316 3058 integriorem
324 3018 362 3047 et
370 3007 667 3047 emendatiorem
676 3008 790 3059 paulo
