1800 3250
180 213 223 255 iv
741 213 1107 256 PRAEFATIO.

180 330 328 378 duxi:
351 330 542 394 integra
564 345 736 392 nempe
759 330 1026 392 proverbia,
1050 329 1174 377 sicut
1197 330 1248 376 in
1277 329 1437 376 codice
1459 336 1668 386 exstant,

180 435 268 467 nec
279 427 467 468 mutato
486 437 652 469 eorum
671 421 853 476 ordine,
871 418 1211 481 repraesentavi
1231 434 1244 475 ς
1271 424 1319 464 et
1332 433 1485 479 quum
1502 419 1555 465 in
1571 420 1675 466 fine-

181 510 308 556 haud
329 526 484 571 pauca
500 511 847 565 desiderentur,
864 510 1075 573 plagulae
1095 508 1223 554 enim
1241 523 1339 554 una
1355 514 1500 568 atque
1515 508 1667 554 altera

181 614 207 644 e
241 601 366 645 calce
406 599 555 646 libelli
591 601 771 646 avulsae
806 604 935 652 sunt,
972 597 1211 643 defectum
1252 579 1382 644 hunc
1421 603 1669 659 utcunque

180 688 398 748 supplevi
422 705 448 734 e
471 688 704 748 persimili
728 687 886 734 codice
911 685 1175 733 Parisiensi
1201 688 1348 741 1773,
1379 701 1522 748 quem
1557 685 1669 733 dili-

179 783 375 839 gentera
392 793 501 823 cum
527 776 714 822 Schotti
734 776 943 822 editione
967 774 1173 822 contulit
1191 775 1440 822 Frid.Jac.
1452 775 1668 832 Bastius,

179 866 498 926 lectionesque
533 865 644 911 inde
678 867 986 925 depromptas
1028 863 1312 910 adversariis
1344 865 1446 911 suis
1480 865 1672 930 consig-

179 954 315 1001 navit
341 955 472 1001 haud
507 954 578 1000 ita
608 954 795 1014 pridem
826 954 877 999 in
903 953 1142 999 tabulario
1166 953 1514 1017 Delegatorum
1545 955 1669 1016 preli

179 1042 458 1090 Academici
481 1043 717 1103 repositis.
788 1043 1108 1089 Parisiensem
1140 1043 1270 1089 hunc
1294 1043 1505 1090 codicem
1527 1044 1669 1092 litera

179 1131 229 1178 A
253 1138 419 1179 notare
444 1134 586 1187 soleo,
612 1131 930 1178 Bodleianum
956 1137 1118 1178 autem
1142 1131 1283 1177 litera
1308 1132 1368 1177 B.

249 1312 294 1354 2.
320 1309 510 1356 Codicis
535 1308 820 1355 Coisliniani
845 1307 912 1366 (n.
932 1311 993 1358 17
997 1311 1028 1358 7
1035 1343 1046 1354 .
1073 1307 1364 1370 bombycini,
1390 1325 1499 1356 saec.
1524 1309 1667 1358 XIV.

178 1395 235 1442 ff.
261 1398 398 1458 284.)
423 1398 647 1444 notitiam
672 1397 788 1443 satis
812 1398 1023 1457 amplam
1057 1397 1190 1442 dedit
1217 1397 1592 1444 Montfauconus
1615 1397 1669 1444 in

181 1484 309 1532 Bibl.
336 1485 533 1532 Coislin.
559 1502 607 1546 p.
634 1489 746 1532 230.
782 1487 910 1532 unde
949 1486 1042 1532 huc
1079 1486 1424 1532 transferemus
1465 1502 1576 1547 quae
1615 1487 1670 1533 in

179 1588 321 1619 usum
357 1580 576 1621 nostrum
613 1574 739 1620 sint:
776 1580 805 1599 ‘⁶
825 1573 1039 1620 Lexicon
1069 1579 1144 1620 sat
1175 1575 1405 1632 amplum.
1476 1573 1673 1620 Desinit

180 1667 210 1687 ‘⁶
233 1661 285 1706 in
309 1661 499 1707 literam
523 1682 568 1716 π,
593 1663 731 1723 cujus
756 1668 942 1721 partem
979 1663 1134 1707 solum
1158 1661 1387 1716 continet,
1411 1661 1522 1708 licet
1546 1661 1671 1708 nihil

180 1750 287 1795 “in
321 1751 414 1796 fine
452 1750 627 1797 codicis
668 1750 980 1797 desideretur.
1072 1749 1267 1795 Ceteras
1302 1756 1465 1796 autem
1505 1749 1672 1797 literas

181 1843 208 1863 ‘⁶
234 1840 356 1884 alter
380 1845 539 1885 tomus
561 1840 693 1885 haud
716 1839 860 1885 dubie
893 1839 1309 1898 complectebatur.
1381 1838 1531 1885 Initio
1565 1855 1678 1886 mu-

181 1932 210 1951 “
235 1927 376 1973 tilum
402 1933 491 1973 est.
560 1927 654 1973 Est
678 1927 817 1988 quasi
841 1927 1175 1987 compendium
1202 1927 1382 1984 Suidae‚
1408 1943 1495 1973 nec
1517 1943 1674 1988 pauca

182 2020 209 2040 ‘⁶
236 2021 396 2061 tamen
437 2016 583 2061 refert
621 2032 731 2076 quae
773 2017 902 2076 apud
934 2015 1134 2062 Suidam
1168 2032 1265 2062 non
1294 2016 1526 2062 exstant.”
1595 2016 1674 2063 De

183 2104 347 2149 eodem
390 2104 498 2150 MS.
538 2104 594 2150 F.
629 2104 676 2150 J.
716 2104 912 2151 Bastius
953 2104 1113 2164 Epist.
1152 2105 1272 2151 Crit.
1309 2120 1355 2164 p.
1394 2108 1475 2156 39.
1513 2120 1561 2151 n.
1588 2107 1671 2162 15,

183 2196 211 2216 ‘⁶
239 2191 399 2238 Hocce
440 2193 798 2238 vocabularium
835 2208 887 2238 re
928 2208 1039 2238 vera
1077 2193 1201 2238 nihil
1238 2199 1311 2239 est
1352 2192 1484 2239 aliud
1524 2207 1672 2253 quam

185 2286 212 2305 ‘⁶
238 2281 444 2340 epitome
482 2297 507 2326 e
546 2281 698 2327 lexico
739 2281 904 2327 Suidae
941 2282 1218 2341 composita,
1254 2282 1307 2327 in
1342 2298 1440 2342 qua
1473 2288 1678 2342 praeter-¹

183 2375 211 2395 ‘⁶
236 2370 383 2416 missa
406 2376 520 2415 sunt
544 2370 705 2415 omnia
727 2370 826 2415 fere
850 2371 954 2416 loca
977 2370 1219 2416 historica.
1257 2370 1486 2416 Continet
1510 2377 1672 2417 tamen

183 2463 212 2484 ‘⁶
237 2460 468 2504 nonnulla
503 2475 612 2518 quae
648 2459 697 2504 in
735 2459 911 2505 nostris
941 2458 1048 2504 edd.
1073 2459 1254 2504 frustra
1291 2465 1579 2519 quaeruntur
1610 2459 1673 2504 ad

183 2554 211 2573 “
236 2547 600 2610 grammaticam
637 2547 928 2606 pertinentia
963 2553 1012 2592 et
1046 2546 1284 2606 imprimis
1315 2549 1376 2593 ad
1404 2546 1672 2607 proverbia.

183 2642 211 2661 “
239 2636 361 2681 Haec
402 2641 502 2680 tam
543 2635 732 2697 egregie
768 2642 973 2681 tractata
1008 2642 1137 2690 sunt,
1174 2642 1229 2680 ut
1263 2635 1674 2698 paroemiographi

188 2729 216 2750 “
243 2723 427 2769 Schotti
454 2739 550 2768 non
573 2724 667 2769 nisi
691 2724 875 2770 collatis
906 2725 1054 2786 hujus
1085 2724 1190 2770 MS.
1216 2723 1480 2784 proverbiis
1515 2725 1674 2770 denuo

239 2867 259 2887 ἃ
281 2860 460 2909 Suspicor
476 2858 652 2897 Bastium
675 2873 794 2910 pauca
814 2860 975 2898 subinde
991 2861 1179 2906 omisisse,
1196 2862 1260 2899 sed
1282 2875 1327 2899 ea
1342 2861 1501 2899 fortasse
1523 2859 1681 2899 levioris·

186 2922 388 2952 momenti.
