1846 3302
216 244 303 300 378

773 236 1146 281 PROVERBIA

1563 232 1714 273 CENT.

290 357 518 406 ι(ΤΕΤΡᾸΔῙ
551 357 779 405 mit-oum:
818 352 1048 420 Παροιμία·
1079 350 1145 399 τὸν
1171 346 1492 414 Ἠρακλέαγᾶρ
1516 345 1627 409 φασὶ
1650 366 1770 404 ‘re-A

221 438 335 503 τράὸι
359 441 601 501 γεννηθῆναι,
619 431 687 482 καὶ
712 433 855 489 ’ἔνδοξον
875 431 967 480 δ’ντα
990 430 1060 479 καὶ
1085 427 1409 490 ἐπιφανέστατον
1431 427 1734 493 α”ιλλειινταιλοιι->

223 521 378 579 πωρεῖν.

226 616 340 653 νηται
372 591 525 650 ταύτης
558 592 738 638 Πλάτων
767 591 786 636 ὅ
821 585 1010 650 κωμικός.

227 671 308 720 θεὸν
332 675 576 734 νομισθῆναι.

295 749 555 796 ῙΤΡΤΓόΝοΣ
597 745 906 793 ΛΑΛίΣΤΕΡοΣε

228 826 412 891 Πλοκίῳ.

228 912 313 958 τοῖς
337 901 529 955 ὅπισθιόις
551 902 724 964 μέλεσιν
747 901 912 964 ἠχοῦσι.

230 982 410 1030 λοῦντων.

436 516 588 561 ’Έστιν
614 510 676 560 οἶν
699 515 723 571 ἡ
747 508 945 574 παροιμία
970 506 1035 557 ἐπὶ
1058 515 1133 556 τῶν
1156 508 1303 560 ἄλλοις
1319 505 1542 554 πονούντων.

1593 505 1724 567 Μέμ-

1081 583 1196 633 Φασῖ
1231 586 1275 633 δὲ
1307 583 1426 632 αὐτὸν
1453 583 1522 633 καὶ
1559 583 1723 648 τετράδι

957 743 1179 805 Μέμνηται
1223 742 1376 801 ταύτης
1419 741 1653 806 Μένανδρος,
1687 740 1771 791 ε’νΒ

487 824 660 881 Ἐπειδὴ
685 824 732 870 αἱ
760 820 947 886 τρυγόνες
974 820 1019 870 οὖ
1050 819 1165 883 μόνον
1187 827 1244 886 τῷ
1280 819 1478 884 στόματι,
1506 819 1622 868 ἀλλὰ
1655 817 1742 870 καὶ,-

981 901 1194 947 Τάττεται
1219 900 1278 951 ’δὲ
1297 898 1362 948 ἐπὶ
1385 905 1460 947 τῶν
1481 898 1622 948 πολλὰ
1645 908 1723 945 λα·

297 1059 580 1107 ῙΠΤΕΝῙΞΔῙΟΣ
616 1058 886 1107 XNomnozz
922 1058 1051 1117 Τένης
1091 1060 1110 1105 o‘
1148 1056 1304 1105 Κύκνου
1345 1052 1584 1114 διαβληθεὶς
1621 1052 1728 1103 ”inte

230 1145 306 1198 τῆς
330 1136 528 1202 μητρυῖας
551 1138 602 1191 ὦς
632 1139 835 1202 πειράσας
859 1136 983 1196 αὐτὴν
1007 1134 1076 1184 καὶ
1110 1134 1335 1199 ἐμβληθεὶς
1369 1132 1441 1182 ὑπὸ
1473 1138 1544 1181 τοῦ
1577 1129 1772 1198 πατρόςο

235 1218 294 1270 εἷς
335 1218 530 1282 λάρνακα,
565 1215 690 1275 ἐσώθη
733 1217 800 1264 διὰ
836 1221 911 1274 τῆς
948 1217 1166 1273 θαλάσσης
1204 1214 1262 1267 εἷς
1296 1213 1461 1261 Τένεδον
1494 1211 1566 1271 τὴν
1601 1216 1730 1270 νῆσον.

238 1295 555 1359 4Ενομοθέτησεν
593 1292 670 1351 οἷν,
716 1293 780 1342 ἐπὶ
826 1300 900 1341 τῶν
940 1294 1054 1341 δικῶν
1096 1290 1291 1345 ἵστασθαι
1339 1291 1530 1356 ἄνθρωπον
1561 1291 1734 1338 πέλεκυν

237 1417 403 1456 solverit.
462 1416 597 1455 Suidas
617 1416 825 1468 supplebit,
848 1415 912 1467 qui
934 1429 955 1454 a

237 1473 323 1511 loeo
358 1472 397 1509 in
429 1470 540 1510 Caria
579 1472 766 1508 Termerio
796 1470 953 1514 derivat,

239 1527 303 1565 ubi
334 1534 582 1578 tyrannorum
614 1538 753 1563 carcer.
811 1524 955 1563 Melius

238 1590 367 1619 tamen
400 1581 439 1618 in
469 1581 620 1618 Theseo
649 1579 875 1617 Plutarchus
898 1581 954 1631 [p.

240 1637 351 1687 513.]
376 1635 423 1673 de
449 1636 620 1672 Termera
644 1634 813 1672 humana
832 1633 960 1686 capita

240 1690 431 1729 crudelem
450 1688 488 1726 in
506 1689 663 1727 modum
679 1687 958 1739 confringente,

241 1745 454 1795 eademque
489 1757 604 1793 poena
632 1744 680 1781 ab
704 1743 875 1781 Hercule
905 1743 959 1780 af-

244 1800 358 1838 fecto.
401 1797 532 1836 Simile
553 1799 600 1835 ab
620 1799 782 1836 Erasnio
802 1798 960 1836 allatum

245 1853 460 1904 exemplum
490 1853 537 1891 de
568 1852 745 1890 Gallieno
774 1853 874 1903 Imp.
896 1852 963 1890 sed

246 1909 419 1951 obscure,
442 1906 641 1958 perspicue
664 1906 784 1958 magis
801 1907 962 1945 Trebel-

246 1963 317 2000 lius
340 1961 476 2005 Pollio,
498 1970 538 1999 et
559 1961 702 1999 Coelius
719 1960 965 2013 Rhodiginus

245 2017 311 2055 lib.
332 2018 408 2054 XI.
439 2017 595 2067 Antiqu.
618 2015 853 2055 Lectionum
879 2029 963 2066 cap.

249 2082 285 2121 7.
316 2071 547 2109 SCHOTT.
600 2070 689 2108 Vid.
719 2070 847 2109 Schol.
874 2070 965 2108 MS.

248 2127 336 2163 Vat.
359 2125 399 2162 in
420 2125 595 2176 Euripid.
616 2125 735 2163 Rhes.
759 2135 851 2176 505.

305 2179 327 2207 k
346 2180 506 2229 Τετράδι]
551 2179 675 2218 Vatic.
719 2179 773 2218 ita
818 2178 965 2224 extulit,

250 2236 390 2284 Τετράὸι
410 2234 470 2282 μὲν
486 2234 624 2282 γέγονας
642 2235 763 2282 τοίχου.
818 2233 966 2272 Eadem

253 2288 318 2325 sed
342 2287 490 2325 uberius
512 2287 660 2331 Suidas‚
681 2297 720 2325 et
739 2288 967 2327 Eustathius

254 2342 293 2379 in
312 2341 421 2380 Iliad.
442 2344 489 2388 β’.
533 2343 596 2380 Sic
625 2351 664 2380 et
687 2343 789 2394 apud
810 2343 856 2381 L.
877 2344 967 2381 Flo-

256 2409 340 2434 rum
361 2397 526 2447 Pyrrhus
552 2396 712 2447 Epirota
738 2399 909 2435 Herculis
936 2410 972 2434 se

256 2452 373 2488 sidere
392 2456 534 2495 natum,
551 2453 860 2500 repullulantibus
876 2465 972 2502 proe-

259 2506 317 2541 liz's
332 2504 512 2555 queritur.
530 2506 760 2543 SCHOTT.
790 2507 971 2544 Eustath.

260 2558 305 2596 Il.
327 2560 373 2601 Β.
394 2573 431 2610 p.
453 2571 545 2608 302.
567 2562 612 2597 ω’.
639 2570 755 2611 1353,
777 2561 814 2598 6.
837 2561 911 2598 Od.
932 2563 971 2599 ε’.

266 2622 382 2662 1534,
405 2624 470 2661 34.
501 2613 600 2652 Dedi
619 2616 710 2665 φασὶ
729 2628 817 2652 cum
837 2615 886 2653 B.
908 2628 977 2666 pro

292 2683 360 2712 ησι.

261 2673 291 2718 φ
316 2718 329 2748 1
347 2719 516 2770 Τρυγόνος]
537 2720 712 2759 AElianus
735 2723 977 2773 proverbium

263 2773 399 2819 adfert,
420 2773 630 2825 eademque
650 2775 696 2813 de
717 2785 861 2815 turture
882 2777 979 2815 libro

265 2829 360 2866 XII.
409 2827 575 2866 Animal.
625 2842 707 2879 cap.
765 2843 822 2867 ιο.
871 2832 980 2881 quasi

266 2882 459 2933 utrimque
488 2890 611 2927 sonet,
642 2882 739 2921 forte
769 2885 871 2934 quod
898 2893 981 2923 toto

266 2936 436 2988 corporis
473 2946 591 2975 motu.
656 2938 820 2974 Gemitus
852 2947 980 2977 autem

267 2990 419 3042 propria
451 2994 531 3043 ejus
564 3004 649 3030 vox.
709 2990 814 3029 Hinc
841 2992 977 3030 Maro:

1013 1417 1093 1453 Nec
1119 1428 1264 1464 gemere
1291 1417 1398 1452 aeria
1427 1415 1580 1452 cessabit
1607 1419 1735 1452 turtur

1012 1471 1059 1508 ab
1078 1471 1191 1508 ulmo.
1248 1469 1308 1507 De
1333 1468 1484 1508 feminis
1511 1468 1735 1519 loquacibus

1012 1524 1127 1563 etiam
1159 1523 1388 1563 Theocritus
1417 1523 1458 1561 in
1488 1522 1735 1575 Syracusanis

1017 1579 1128 1629 [XV.
1185 1579 1278 1630 88.]
1328 1578 1482 1628 Τρυγόνες
1532 1581 1737 1615 emmo-evm

1014 1636 1288 1671 πλατυάσδοισαι
1303 1632 1457 1670 ἅπαντα.
1489 1631 1606 1670 ΡΙοοίἱ
1623 1643 1737 1682 porro

1018 1689 1175 1726 nomine
1205 1688 1381 1738 Satyram
1408 1699 1561 1737 quoque
1580 1685 1739 1737 Menip-

1018 1756 1138 1793 paeam
1160 1750 1379 1794 togatorum
1406 1739 1652 1779 doctissimus
1674 1740 1735 1779 Μ.

1020 1799 1142 1835 Varro
1180 1797 1281 1847 apud
1317 1796 1491 1834 Nonium
1531 1793 1738 1846 inscripsit.

1021 1852 1253 1890 SCHOTT.
1324 1849 1415 1889 Vid.
1465 1849 1594 1892 Schol.
1642 1849 1740 1887 Cod.

1020 1905 1125 1957 Lips.
1157 1906 1204 1944 ad
1230 1905 1276 1944 11.
1307 1907 1341 1943 ι’.
1366 1917 1411 1955 3ι
1430 1917 1459 1943 1.
1489 1904 1671 1943 Eustath.
1700 1917 1740 1956 p.

1025 1970 1072 2011 75
1086 1974 1116 2006 1,
1140 1973 1200 2010 ¹3·

1077 2023 1111 2043 m
1129 2015 1287 2063 Τενέδιος]
1334 2011 1471 2051 Snidas
1518 2011 1741 2065 singulatim

1024 2070 1104 2108 haec
1127 2068 1359 2120 uberiusque
1386 2075 1679 2112 commemorat,
1701 2075 1745 2105 ut

1024 2125 1143 2175 Cycni
1173 2123 1356 2168 fabulam,
1386 2135 1430 2160 ac
1458 2122 1506 2160 de
1535 2121 1746 2160 Hemithea

1022 2180 1150 2217 Tenes
1170 2190 1300 2216 sorore
1320 2177 1427 2215 cistae
1446 2189 1523 2214 una
1537 2175 1742 2227 imposita,
1732 2190 1741 2199 ·

1024 2247 1046 2271 a
1065 2247 1142 2284 quo
1161 2241 1200 2270 et
1218 2232 1385 2270 diversus
1409 2230 1518 2269 abit
1507 2244 1549 2269 ln
1569 2229 1746 2269 Phocicis

1024 2289 1187 2326 Pausan.
1208 2286 1416 2339 Legendus
1445 2293 1484 2324 et
1513 2285 1745 2337 Stephanus,

1025 2341 1090 2394 qui
1124 2342 1171 2380 de
1206 2353 1365 2379 nummo
1399 2339 1522 2378 securi
1556 2338 1745 2401 impresso

1028 2397 1160 2435 eadem
1181 2409 1266 2448 quae
1287 2395 1422 2434 Suidas
1448 2394 1576 2433 refert
1635 2392 1750 2431 Varia

1030 2451 1120 2489 hinc
1155 2451 1271 2489 ducta
1305 2449 1528 2502 proverbia.
1569 2449 1753 2486 Tenedius

1031 2507 1149 2550 homo,
1175 2510 1371 2555 patronus,
1401 2504 1577 2553 bipennis,
1603 2503 1748 2548 tibicen,

1033 2561 1170 2610 tegula.
1220 2558 1358 2597 Cicero
1386 2558 1452 2596 lib.
1473 2558 1526 2595 11.
1556 2555 1682 2609 Epist.
1703 2556 1751 2595 ad

1035 2614 1087 2662 Q.
1110 2615 1307 2653 Fratrem:
1335 2614 1579 2651 Tenediorum
1602 2611 1754 2649 libertas

1041 2671 1200 2707 Tenedia
1233 2670 1352 2706 securi
1381 2667 1536 2717 praecisa
1568 2671 1632 2704 est.
1690 2665 1753 2704 De

1035 2724 1195 2762 Tenedo
1217 2735 1304 2761 vero
1332 2720 1457 2760 insula
1485 2718 1700 2758 Maronis
1689 2732 1751 2757 ln-

1036 2786 1222 2829 terpretes
1253 2778 1299 2815 ad
1333 2775 1454 2814 illud:
1493 2775 1655 2812 Tenedos
1684 2786 1753 2811 no-

1038 2834 1177 2870 tissima
1202 2832 1318 2882 sama
1350 2831 1485 2868 insula.
1522 2828 1753 2868 SCHOTT.

1038 2886 1124 2924 Vid.
1147 2888 1300 2925 Conon.
1320 2886 1435 2924 Narr.
1461 2883 1524 2921 28.

1094 2942 1196 2979 nim
1211 2940 1502 2989 της-ἐμβληθεις
1513 2943 1756 2976 accesserunt

1026 2998 1083 3031 'ex
1104 2995 1146 3032 P.
