1852 3308
177 422 231 475 76

175 663 225 709 77

173 808 226 861 78

165 1210 220 1252 79

161 1597 216 1639 80

247 225 332 279 368

804 230 1177 276 PROVERBIA

1589 237 1737 281 me'r.

302 343 425 379 Πολλοὶ
445 343 615 393 θριοβόλοι,
635 351 748 396 παῦροι
769 347 804 385 δέ
821 365 858 386 τε
875 353 1013 397 μάντιες
1031 347 1151 400 ἄνδρες.

313 416 538 467 de'u-mz
575 423 779 471 ΤΡόΠοΝε
831 422 947 484 Α’ἷιτη
987 427 1186 474 τάττεται
1229 428 1338 476 κατὰ
1378 434 1453 476 τῶν
1491 429 1737 494 πανωλεθρίᾳ

243 498 542 560 ἀπολλυμένων·
579 500 673 564 παρ’
698 500 787 549 ἴσον
811 505 836 561 ἦ
859 504 986 563 πεύκη
1008 512 1183 553 κοπεῖσα
1206 505 1336 554 οὐκέτι
1369 510 1536 568 φύεται.

1609 507 1737 572 Μὲμ-

242 595 355 633 νηται
381 576 423 624 δὲ
445 576 571 636 αὐτῆς
596 581 821 639 Στάφυλος
845 582 863 628 o‘
889 582 1193 647 Ναυκρατίτης.
1728 644 1737 650 .

310 654 527 702 eHoAAoi
551 676 623 703 ’τοι
650 661 1010 716 ΝΑΡΘΗκοοόΡοῐ,
1034 660 1195 709 nai-1³01
1223 660 1280 708 Δί.
1299 682 1353 709 '1⁸12
1379 661 1555 710 BAxxor
1576 677 1588 711 :
1612 668 1734 729 Παρ-

319 731 332 748 Ι
385 732 396 749 9
431 730 443 747 Χ
500 740 519 750 η
669 741 687 751 ιν
748 734 762 752 Ι
859 737 869 753 9
917 735 931 753 Ι

241 753 355 794 οιμια
379 754 442 780 em
467 754 541 780 των
563 735 690 793 ψενὸη
714 735 829 791 δοξαν
852 758 1031 800 εχοντων.

309 807 494 858 fl'IAN'rA
531 812 674 860 amsi:
714 811 910 879 Εὔανδρος
947 814 1028 876 ἔφη
1063 816 1165 863 ὀκτὼ
1200 816 1294 870 τοὺς
1323 819 1476 866 πάντων
1508 815 1605 867 εἶναι
1634 840 1733 884 κρα-

239 894 406 943 τοῦντας
432 889 555 946 θεοὺς,
581 895 690 955 Πῦρ,
715 892 863 957 ⁹T3cop,
889 897 923 940 Γ
924 899 983 952 ἣν,

1015 892 1204 958 Οὖρανόν,
1229 895 1425 954 Σελήνην,
1447 899 1615 952 ἸἨλιον,
1640 896 1731 944 Μί-

237 971 342 1031 θραν,
386 967 547 1015 Νύκτα.
615 971 759 1018 Ἄλλοι
799 970 841 1018 ὃέ
881 969 1012 1032 φασὶν
1048 971 1087 1019 ἐν
1117 971 1335 1037 Ὀλυμπίᾳ
1367 973 1423 1021 τὰ
1462 974 1597 1022 πάντα
1631 971 1728 1023 εἶναι

236 1045 505 1109 ἀγωνίσματα
522 1047 639 1105 ὀκτὼ,
655 1048 838 1106 Στάδιον,
857 1047 1050 1106 Διάυλον,
1073 1049 1291 1110 Ὁπλίτην,
1309 1051 1506 1115 Πνγμὴν,
1525 1055 1730 1118 Παγκρά-

235 1145 331 1180 τιον,
355 1123 424 1172 καὶ
448 1126 502 1173 τὰ
527 1128 664 1174 λοιπά·
703 1127 780 1188 ἀφ’
804 1123 852 1175 οἷν
876 1128 1055 1193 εἰρῆσθαι
1079 1129 1212 1176 πάντα
1236 1128 1352 1177 ὅκτῶ.

303 1203 567 1251 ΠτΡΑῶΣτοτ
604 1206 778 1253 moros:
817 1205 978 1264 Πτηνόν

1013 1207 1103 1255 ἐστι
1140 1204 1324 1268 ζωύφιον,
1355 1206 1375 1255 ’ὂ
1407 1208 1728 1272 προσιπτάμενον

232 1288 319 1335 τοῖς
343 1281 522 1346 λύχνοις,
546 1282 613 1330 καὶ
638 1284 769 1332 δοκοῦν
792 1282 992 1333 ἅπτεσθαι
1017 1291 1087 1334 τοῦ
1110 1284 1245 1351 πυρός,
1270 1286 1556 1336 κατακαίεται.
1600 1287 1727 1350 Μέμ-

232 1380 346 1418 νηται
371 1358 439 1408 καὶ
463 1360 586 1409 αὑτοῦ
609 1362 827 1426 Αἰσχύλος
851 1363 980 1420 εἰπὼν,

285 1446 455 1483 &Mecum
473 1447 574 1496 μωρὸν
592 1449 704 1497 κάρτα
722 1450 908 1498 ‘tropario-rav
925 1449 1028 1499 μόρον.

232 1519 405 1585 Εἴρηται
430 1521 472 1569 δὲ
495 1524 521 1581 ἡ
543 1520 741 1587 παροιμία
765 1521 830 1571 ἐπὶ
853 1531 928 1571 τῶν
951 1525 1108 1577 ἑαυτοῖς
1132 1524 1407 1589 προξενοῦντων
1429 1525 1646 1575 ἀπώλειαν.

299 1597 491 1648 1’ΠᾸΛΜ
520 1600 619 1649 Ποτ’
642 1599 759 1650 riam
786 1601 979 1651 ΧΛκιΜοι
1008 1602 1271 1650 ΜιΛέΣιοιε
1308 1601 1424 1650 Φασὶ
1455 1603 1548 1657 τοὺς
1579 1605 1724 1670 Κάρας

283 1768 299 1792 ‘¹
321 1773 446 1816 Πεύκης
477 1770 606 1820 τρόπον]
641 1770 728 1809 Vid.
755 1771 944 1809 Herodot.

229 1823 298 1861 VI.
335 1835 399 1874 37.
433 1834 472 1862 et
503 1833 638 1863 notata
671 1826 722 1864 ib.
758 1828 868 1872 Πεύκη
904 1826 944 1863 Ρ.

225 1878 323 1916 Mox
346 1881 546 1929 Ναυκράτης
566 1880 621 1918 Η.
643 1881 684 1918 F.

281 1941 299 1961 e
320 1937 447 1971 Πολλοί
471 1936 540 1984 τοι]
568 1935 739 1985 Usurpat
767 1934 876 1972 Plato
906 1933 943 1971 in

226 1987 420 2025 Phaedone
461 1988 517 2040 [p.
548 1989 601 2039 69
631 1990 696 2038 C.]
741 1988 944 2040 allusitque

224 2042 400 2079 adversus'
442 2043 618 2081 Colotem
660 2044 851 2081 Plutarch.
887 2044 942 2093 [p.

230 2109 242 2133 ι
259 2097 399 2146 107E.]
413 2097 614 2135 Erasmum
624 2098 696 2135 vid.
711 2097 940 2136 SCHOTT.

279 2149 295 2178 f
313 2154 437 2188 Πάντα
469 2152 571 2202 ὄκτῶ]
603 2152 737 2190 Suldas
770 2165 794 2189 a
822 2150 941 2189 Stesi-

223 2204 329 2241 chori
359 2214 612 2243 monumento
639 2205 815 2256 adagium
839 2204 939 2243 deri-

223 2265 298 2302 vat,
312 2261 419 2309 cujus
433 2268 472 2297 et
485 2259 616 2297 Pollux
632 2259 698 2298 lib.
714 2261 787 2298 IX.
805 2260 935 2309 [100.]

223 2312 421 2350 meminit:
446 2313 502 2351 vel
522 2315 570 2352 ab
593 2314 744 2358 Halete,
763 2315 828 2365 qui
849 2322 939 2352 octo

221 2367 395 2405 Corinthi
418 2368 537 2406 tribus
557 2367 770 2406 constituit.
826 2369 939 2406 Desi-

220 2420 345 2459 derius
365 2422 413 2459 ab
433 2435 496 2460 ara
522 2422 561 2460 in
582 2423 686 2461 Delo
714 2422 936 2467 constituta,

220 2483 261 2513 et
280 2477 328 2513 ab
348 2476 543 2528 AEgyptiis
571 2477 766 2529 duplicata
786 2477 938 2515 fluxisse

219 2529 363 2567 divinat
388 2543 409 2568 e
435 2531 640 2570 Plutarcho
669 2532 834 2570 deDeo
866 2533 935 2569 So-

218 2583 330 2622 cratis
356 2584 415 2635 [p.
438 2598 517 2634 579
537 2586 603 2636 B.]
637 2585 699 2624 Sic
727 2594 767 2624 et
784 2585 933 2624 Aristo-

218 2638 314 2675 teles
338 2638 447 2676 initio
468 2640 516 2677 de
535 2640 639 2678 Caelo
670 2643 743 2678 tria
763 2653 837 2677 esse
857 2653 933 2678 om-

217 2694 281 2729 nia
301 2692 394 2730 dixit
414 2693 598 2743 proverbii
620 2694 760 2745 specie,
778 2708 799 2732 a
815 2695 934 2732 tribus

217 2745 442 2797 quantitatis
472 2746 787 2791 dimensionibus,
815 2757 931 2793 recte,

216 2800 383 2852 obliquo,
424 2810 465 2840 et
503 2801 687 2839 circulari.
745 2803 930 2840 Mithram

215 2863 347 2893 autem
375 2863 415 2893 et
443 2855 574 2894 Solem
601 2857 725 2894 Persae
751 2857 930 2894 eumdem

215 2908 372 2954 faciunt,
410 2910 457 2948 de
495 2923 571 2962 quo
607 2909 698 2948 varii
748 2910 930 2959 pluribus.

216 2964 445 3002 SCHOTT.

270 3025 292 3054 g
311 3019 468 3067 Δέδοικα]
507 3019 612 3056 Citat
645 3026 686 3055 et
723 3018 826 3055 hunc
861 3019 930 3055 AE-

1003 1770 1119 1823 schyli
1134 1784 1279 1809 versum
1298 1769 1476 1808 AElianus
1496 1769 1592 1808 libro
1604 1771 1720 1810 XIII.

1003 1825 1151 1864 Histor.
1173 1824 1341 1863 Animal.
1370 1825 1436 1862 ubi
1466 1825 1513 1862 de
1543 1835 1722 1876 pyrausta

1002 1879 1094 1931 agit,
1130 1887 1173 1918 ut
1202 1880 1251 1918 de
1284 1878 1434 1917 Latinis
1470 1878 1616 1918 Plinius
1653 1879 1720 1920 lib.

1000 1935 1075 1973 XI.
1123 1947 1206 1985 cap.
1257 1934 1322 1983 36.
1366 1933 1596 1972 SCHOTT.
1653 1935 1718 1974 Fr.

1003 1988 1094 2039 289.
1113 1988 1202 2026 Vid.
1215 1988 1393 2027 Eustath.
1408 1987 1483 2026 Od.
1496 1990 1535 2026 ε’.
1550 2000 1587 2040 p.
1601 1999 1716 2040 1547,

1001 2043 1068 2080 ult.
1089 2045 1136 2081 α’.
1157 2057 1195 2094 p.
1220 2043 1335 2091 1848,
1359 2053 1423 2092 37.

1052 2095 1074 2125 h
1096 2100 1215 2134 Πάλαι
1233 2098 1324 2145 ποτ’]
1347 2096 1479 2134 Plures
1498 2096 1623 2149 adagii
1643 2096 1718 2135 ori·

997 2150 1107 2203 gines
1135 2150 1281 2202 colligit
1299 2149 1568 2201 Aristophanis
1597 2150 1716 2190 inter-

997 2218 1083 2256 pres
1112 2205 1150 2242 in
1178 2205 1293 2243 Pluto
1316 2206 1371 2254 [v.
1397 2206 1531 2255 1003.]
1555 2218 1649 2257 quas
1674 2214 1717 2244 et

995 2260 1179 2298 Erasmus
1195 2258 1408 2310 descripsit,
1424 2267 1464 2297 et
1478 2259 1588 2297 aliter
1600 2259 1716 2311 paulo

996 2313 1167 2352 Michael
1206 2313 1438 2365 Apostolius.
1494 2313 1655 2352 Allusit
1674 2322 1716 2353 et

995 2368 1096 2406 idem
1118 2369 1290 2406 comicus
1311 2366 1350 2405 in
1371 2366 1523 2419 Vespis,
1548 2368 1710 2419 [1055]

994 2424 1189 2474 utiturque
1205 2421 1385 2474 Synesius
1398 2421 1574 2473 Epistola
1585 2422 1632 2460 81
1641 2451 1650 2460 .
1663 2423 1714 2461 ad

994 2476 1279 2528 Philosopham.
1307 2475 1521 2514 Politianus
1549 2489 1636 2514 vero
1663 2478 1711 2516 ad

994 2531 1237 2569 Milesiorum
1251 2530 1453 2568 mollitiem
1469 2530 1709 2569 referendum

992 2585 1155 2630 censuit,
1175 2595 1330 2624 secutus
1349 2583 1584 2622 Athenaeum
1612 2584 1710 2623 libro

990 2639 1083 2678 XII.
1105 2641 1160 2691 [p.
1178 2652 1255 2690 523
1272 2639 1339 2688 E.]
1358 2639 1478 2677 Porro
1487 2639 1709 2677 Anacreon-

991 2703 1068 2732 tem
1089 2707 1242 2745 quoque
1259 2692 1390 2731 laudat
1407 2692 1546 2731 comici
1559 2693 1708 2732 Aristo-

990 2747 1126 2800 phanis
1154 2748 1362 2799 interpres:
1394 2746 1503 2796 cujus
1526 2746 1575 2785 de
1594 2755 1707 2786 aetate

988 2802 1176 2841 Eusebius
1195 2802 1234 2840 in
1256 2800 1451 2839 Chronico
1466 2801 1711 2852 Olympdn.

989 2859 1103 2894 Anno
1138 2855 1270 2898 mundi
1303 2858 1341 2893 in
1373 2854 1511 2908 Scalig.
1535 2854 1705 2894 editione

989 2924 1032 2948 M.
1049 2923 1158 2948 cccc.
1172 2923 1296 2949 xxxv.
1317 2909 1490 2947 floruisse
1509 2907 1576 2947 ait.
1618 2910 1705 2947 Sui-

988 2965 1054 3001 das
1066 2965 1180 3002 etiam
1191 2965 1262 3002 sub
1274 2964 1474 3015 Polycrate
1487 2963 1701 3001 Samiorum

987 3027 1149 3068 tyranno
1167 3018 1331 3070 viguisse
1349 3026 1473 3069 putat.
1507 3017 1703 3056 Zenobius

1749 370 1786 403 A

1745 753 1779 788 B

1740 1149 1772 1183 C

1736 1544 1774 1578 D
