1852 3308
7 271 136 338 ⁴57

81 440 139 496 58

82 846 140 890 59

85 1067 141 1109 60

153 168 231 210 IV.

748 172 1032 214 ZENOBII.

1550 193 1634 236 323

220 285 310 332 ΚΑὶ
345 287 576 333 xdpxopoz
613 285 671 332 fin
705 287 960 334 AAxA'Nom:
999 287 1192 353 Κίρκορον
1216 293 1529 350 Πελοποννήσιοι
1553 301 1689 353 φοι-Α

511 361 525 379 Ι

153 358 216 407 σιν
240 358 338 409 εἶναι
362 365 539 426 λάχανον
563 371 629 409 οτι
655 369 729 411 τῶν
752 363 934 413 εὐτελῶν·
971 363 1029 413 διὸ
1051 365 1121 413 καὶ
1145 369 1170 425 ἦ
1192 367 1400 432 παροιμία.

219 436 480 488 dKopoinooe
520 439 851 489 ximeffimpox:
897 442 1054 502 Εὖῆθης
1093 441 1163 491 καὶ
1202 443 1346 509 μωρὸς.

1420 444 1520 493 *El-12
1560 448 1639 510 γὰρ

151 522 221 565 τοῦ
254 515 512 581 μωραίνοντος
547 516 713 566 ’ἔταττον
739 517 806 566 τόν
836 518 1032 584 Κόροιβον
1072 520 1158 569 ἀπ’
1182 543 1286 575 τινος
1323 521 1525 587 Κοροίβου
1557 545 1642 585 μω-

528 594 540 612 N

149 600 231 660 ροῦ,
253 593 295 642 ’ὂν
318 594 462 643 οἴονται
497 617 564 644 τον
588 596 826 659 θΜῦγὸονος
861 593 970 654 eliac,
994 598 1127 646 παῖδα
1157 604 1227 647 τοῦ
1258 598 1432 663 Φρυγὸς,
1456 600 1564 648 κατὰ
1587 601 1642 648 τὰ

149 671 314 737 Dolicha
335 672 553 736 γενόμενον.

621 674 740 728 Τινὲς
774 675 816 722 δὲ
853 681 990 724 τοῦτον
1019 675 1255 734 ἀναίσθητον
1286 676 1397 738 φασὶ
1419 678 1640 740 γεγόνεναι,
1655 696 1687 729 Β

151 749 202 803 ὦς
225 748 295 798 καὶ
318 749 374 797 τᾶ
395 749 563 813 κύματα
586 756 660 809 τῆς
683 754 900 811 θαλάσσης
921 754 1113 817 ἀριθμεῖν.

220 825 480 875 ῙΚοΡτΔέαῑ
504 827 887 878 ΕἰΔΕΧοέΣΤΕΡοΣε
914 828 1042 884 Οὗτος
1069 831 1306 896 ὅΚορυὸεὒς
1330 829 1394 879 ἐπὶ
1410 832 1642 897 ὃνσμορφίᾳ

153 905 414 971 ἐκωμῳδεῖτο,
439 903 507 953 καὶ
531 907 570 954 οἱ
593 907 736 961 παῖδες
757 908 893 956 ati-roi).
949 911 1055 956 ’Ένα
1079 909 1121 956 δὲ
1144 915 1218 956 τῶν
1241 910 1519 973 ἀρχαιοτάτων
1542 907 1640 958 εἶναι

151 982 298 1044 φασίν.

222 1061 415 1110 ΚοΡὸΝΗ
448 1062 534 1110 ΤόΝ
574 1062 830 1110 zxopnionz
867 1064 1084 1128 Παροιμίαι
1120 1063 1185 1112 ἐπὶ
1221 1071 1294 1111 τῶν
1329 1065 1546 1129 δυσχερέσι
1573 1063 1684 1115 mle

152 1144 385 1204 βλαβεροῖς
421 1149 444 1180 g
452 1141 762 1205 ἐπιχειρούντων·
800 1141 1041 1199 ἔλλειπτικῆ
1076 1142 1118 1189 δέ
1155 1142 1260 1189 ἐστι’
1300 1141 1430 1189 λείπει
1466 1142 1547 1206 γὰρ
1581 1141 1641 1198 τὸ,

152 1325 323 1376 itemque
348 1323 510 1363 Ovidius
540 1325 638 1363 libro
659 1325 712 1363 11.
733 1325 869 1364 Fasto-

154 1391 252 1422 rum,
283 1391 361 1429 quo
395 1378 509 1416 refert
541 1378 717 1429 adagium
752 1381 868 1418 Eras-

154 1445 252 1470 mus.
283 1432 512 1471 SCHOTT.

209 1492 228 1514 ⁰
260 1487 294 1523 ’ri
317 1491 382 1524 τῶν
412 1487 568 1535 εὐτελῶν]
599 1487 716 1525 Addit
749 1487 869 1525 Vatic.

152 1539 264 1589 ἄγριον
283 1542 363 1578 οὕτω
381 1542 484 1592 φασί·
514 1541 559 1578 διὸ
577 1542 634 1578 καὶ
654 1542 673 1586 ἡ
698 1543 868 1590 παροιμία.

156 1595 308 1643 Κόρχορος
335 1593 452 1632 etiam
482 1607 549 1646 per
578 1612 603 1642 χ
634 1594 673 1632 in
705 1595 872 1633 secunda

154 1647 311 1698 syllaba,
333 1647 435 1686 dicta
455 1649 534 1686 haec
556 1649 695 1686 herba:
729 1662 804 1699 qua
823 1649 870 1687 de

154 1702 447 1753 Theophrastus
488 1701 552 1740 lib.
584 1703 677 1741 VII.
717 1715 800 1755 cap.
835 1712 869 1751 7.

157 1755 261 1794 Hist„
282 1755 511 1807 plantarum.
544 1755 690 1794 Plinius
704 1757 872 1794 Alexan-

153 1809 302 1848 drinam
342 1809 445 1849 facit.
502 1811 554 1848 At
587 1811 688 1862 apud
722 1811 871 1848 Aristo-

155 1864 273 1916 phan.
312 1868 346 1902 ἐν
383 1862 492 1915 Σφηξὶ
531 1865 583 1913 [v.
624 1865 735 1914 239.]
783 1861 870 1912 Κςῖθ*

153 1918 291 1967 ἥψαμεν
303 1923 360 1956 τοῦ
375 1919 531 1968 κορχόρου.
571 1918 691 1956 Piscis
702 1917 871 1956 vilissimi

155 1985 300 2010 nomen
329 1971 503 2024 agnoscit
530 1972 730 2023 interpres,
752 1971 805 2010 uti
833 1979 874 2010 et

99 2065 108 2075 ¹
156 2025 306 2069 Suidas,
329 2034 443 2077 atque
463 2026 689 2077 Hesychius.
748 2027 871 2064 Usum

155 2088 286 2118 autem
317 2079 506 2132 proverbii
536 2081 609 2117 hoc
643 2079 728 2118 loco
757 2093 872 2130 quam

158 2134 354 2178 Erasmus,
375 2133 523 2172 felicius
542 2133 709 2185 explicat
729 2133 872 2171 Henri-

156 2201 224 2226 cus
251 2188 384 2238 Steph.
409 2188 500 2239 quin
530 2196 570 2225 et
594 2191 790 2236 λαχάνοισιν
817 2188 871 2225 le-

157 2242 283 2293 gendo
301 2254 452 2280 versum
472 2241 642 2292 explebis
671 2241 871 2292 anapaesti-

157 2309 246 2334 cum
267 2295 486 2333 dimetrum.
515 2295 740 2332 SCHOTT.

213 2347 235 2378 d
255 2349 413 2400 Κορύβου]
442 2349 586 2397 Κόροιβος
606 2349 777 2386 scribunt
795 2348 871 2392 alli,

159 2403 197 2441 in
247 2402 306 2440 his
359 2402 624 2454 Diogenianus
673 2415 760 2440 cum
814 2403 871 2439 di-

159 2457 359 2509 phthongo
373 2456 411 2494 in
428 2456 613 2499 secunda3
629 2456 823 2506 quomodo
834 2465 873 2493 et

158 2511 362 2562 quemdam
390 2511 504 2548 Maro
525 2509 699 2547 nominat
717 2509 872 2547 AEneid.

159 2565 214 2603 11.
236 2578 312 2603 ver.
333 2576 424 2613 34¹·
456 2562 518 2601 ubi
551 2563 704 2601 Servius
735 2564 873 2601 Hono-

160 2628 262 2658 ratus
291 2619 339 2657 ab
360 2617 614 2669 Euphorione
643 2622 758 2668 poeta
781 2617 875 2655 stul-

160 2681 244 2711 tum
273 2672 472 2711 inductum
496 2672 703 2710 Coroebum
734 2670 874 2709 scribit.

161 2727 276 2768 Quod
297 2735 423 2765 autem
445 2726 581 2764 fluctus
597 2737 796 2762 numerare
811 2738 876 2763 co-

88 2803 94 2808 ·
164 2789 275 2819 natus
294 2782 345 2818 sit
360 2792 605 2818 numerorum
622 2791 770 2830 expers»,
787 2791 878 2816 auc-

162 2843 224 2873 tor
260 2833 455 2872 Lucianus
493 2833 532 2870 in
566 2832 784 2877 Amoribus,
826 2834 876 2882 [c.

163 2889 250 2939 53.]
279 2897 316 2926 et
351 2887 388 2925 in
426 2886 660 2925 Hermotimi
691 2894 876 2933 extremo,

163 2950 203 2981 et
220 2941 447 2980 Eustathius
467 2941 605 2992 Odyss.
621 2942 665 2979 κ’.
689 2941 743 2991 [p.
762 2940 877 2991 1669,

926 1326 1011 1375 46.]
1049 1325 1232 1364 Meminit
1266 1326 1420 1364 Coroebi
1453 1325 1567 1364 etiam
1604 1326 1642 1364 in

927 1383 1054 1431 ποικίλῃ
1075 1385 1176 1430 ἴστορ.
1199 1379 1377 1418 AEllanus
1408 1379 1505 1418 libro
1525 1381 1642 1418 XIII.

926 1447 1008 1485 cap.
1042 1446 1101 1484 15.
1131 1434 1361 1472 SCHOTT.
1417 1434 1527 1471 Adde
1563 1434 1643 1472 Lu-

925 1488 1023 1526 ciau.
1073 1487 1319 1539 Philopseud.
1358 1500 1391 1525 c.
1429 1500 1466 1537 3.
1507 1488 1645 1536 Κόρυβος

926 1542 1111 1592 scriptura
1131 1555 1175 1579 ex
1197 1554 1311 1592 prava
1332 1541 1644 1591 pronuntiatione

912 1603 1010 1633 'orta
1030 1604 1100 1634 est.

981 1659 1000 1678 e
1033 1648 1229 1698 Μάγδωνος]
1269 1649 1431 1699 Repone
1468 1652 1643 1697 Μύγδονος.

927 1702 1099 1754 Euripid.
1130 1702 1249 1740 Rhes.
1271 1712 1362 1752 539.
1391 1705 1555 1751 Μύγδονος
1583 1704 1645 1740 υἱόν

927 1765 1017 1808 φασι
1038 1757 1199 1807 Κόροιβον.

982 1809 999 1838 f
1026 1811 1199 1860 Κορυθέως]
1220 1809 1381 1847 Variant
1410 1809 1473 1847 hic
1493 1822 1645 1860 quoque

928 1864 966 1902 in
989 1864 1175 1916 scriptura
1200 1864 1528 1914 paroemiographi.
1578 1869 1644 1901 Ko-

927 1922 1014 1969 ρύδου
1031 1919 1134 1956 enim
1155 1917 1417 1969 Diogenianus
1432 1918 1559 1961 habet,
1577 1923 1642 1954 Ko-

927 1971 1028 2021 ρυδεός
1074 1971 1194 2010 Mich.
1230 1971 1462 2022 Apostolius.
1521 1971 1644 2009 Recte

930 2026 1105 2065 vatican.
1142 2025 1227 2063 cod.
1270 2026 1438 2074 Κορυὸἐως,
1473 2034 1517 2062 ut
1554 2024 1644 2062 hinc

928 2093 1081 2131 quoque
1127 2078 1255 2117 rustici
1303 2078 1403 2117 illius
1444 2079 1646 2128 Corydonis

930 2147 1103 2172 manasse
1121 2132 1325 2184 appellatio
1341 2132 1520 2170 videatur.
1549 2132 1645 2169 Mox

928 2187 1041 2226 etiam
1074 2188 1221 2238 integre
1253 2186 1430 2238 praefert:
1461 2188 1537 2222 Ἐπὶ
1566 2189 1647 2223 δυσ-

926 2244 1053 2292 μορφίᾳ
1085 2244 1286 2289 ἐκωμῳδεῖτο
1318 2242 1374 2277 καὶ
1404 2239 1492 2283 οὗτος
1523 2241 1581 2277 καὶ
1618 2243 1646 2276 οἷ

926 2299 1049 2338 παῖδες
1066 2299 1180 2338 αὐτοῦ,
1202 2294 1242 2331 ὧν
1265 2294 1324 2331 ἕνα
1343 2295 1582 2344 Ἀρχῖο-τρατον
1600 2290 1645 2330 εἷ-

928 2366 981 2386 ναι
999 2350 1132 2399 ‹pao-h:
1165 2347 1267 2398 quod
1289 2346 1574 2397 interpretando
1589 2359 1644 2384 se-

929 2403 994 2453 qui
1025 2402 1177 2453 placuit.
1208 2401 1437 2439 SCHOTT.
1496 2403 1645 2450 Κορυδεὺς

930 2455 1158 2506 Hesychius.
1243 2490 1246 2492 .

984 2517 1006 2544 8
1034 2509 1287 2558 ἐπιχειρούντων]
1322 2507 1445 2546 Vatic.
1472 2521 1542 2558 pro
1570 2512 1639 2545 ἐπι-

928 2566 1127 2613 χειρούντων,
1148 2565 1373 2612 ἐγχειρούντων
1392 2562 1517 2599 habet.
1553 2562 1642 2598 Huc

931 2616 1099 2668 lepidum
1139 2615 1304 2666 pertinet
1337 2615 1483 2653 Archiae
1523 2619 1644 2665 poeltae

935 2671 1065 2722 (quem
1089 2670 1146 2707 M.
1167 2670 1317 2707 Tullius
1343 2669 1531 2716 defendit)
1551 2666 1645 2718 Epi-

931 2738 1104 2776 gramma
1142 2723 1205 2761 llb.
1240 2725 1272 2762 I.
1311 2726 1437 2760 Ἀνθολ.
1472 2726 1516 2764 εἷς
1548 2724 1643 2765 δίκην.

933 2778 1050 2819 Quod
1079 2777 1218 2815 Latine
1251 2788 1443 2828 apponere
1473 2775 1510 2812 in
1537 2775 1643 2811 Grae-

933 2845 1065 2870 carum
1086 2831 1293 2869 litterarum
1316 2830 1464 2867 rudium
1484 2826 1642 2878 gratiam

934 2885 1097 2937 placuit:
1132 2886 1228 2922 Olim
1248 2897 1328 2922 cum
1354 2883 1490 2930 liquido
1509 2881 1642 2917 volita-

934 2945 992 2978 ret
1022 2941 1058 2977 ἱη
1083 2939 1217 2976 aethere
1246 2949 1386 2981 corvus,
1422 2935 1594 2982 Scorpius
1626 2945 1646 2968 e

1036 3012 1148 3044 'rtz
