1930 3366
0 1580 8 1595 a·
0 1342 18 1524 ft-Ysshnsskmssk
0 1286 22 1329 Ἐγ(
0 1214 9 1233 ’Ν
0 1128 17 1144 7,
6 1060 8 1062 -

481 307 1203 429 ΡΒΕΡᾼΤΙΟ.

126 615 345 683 NOVA
395 636 500 684 haec
546 637 1078 700 paroemiographorum
1126 636 1275 683 editio
1321 653 1347 684 e
1393 638 1613 698 partibus

123 730 312 771 constat
334 731 567 786 quatuor:
591 742 797 787 quarum
822 726 982 786 prima
1004 726 1338 787 complectitur
1361 725 1616 790 Anonymi

125 810 422 862 collectanea
461 829 489 861 e
528 813 692 862 codice
732 812 1016 862 Bodleiano
1055 813 1306 879 descripta
1325 834 1340 864 :
1391 819 1616 875 secunda,

124 901 380 966 Anonymi
402 901 696 968 collectanea
714 920 742 951 e
758 903 920 951 codice
939 902 1243 952 Coisliniano
1261 910 1405 952 eruta
1420 924 1435 952 :
1456 906 1615 961 tertia,

125 988 440 1055 Diogeniani
483 990 735 1055 syllogen:
790 1001 965 1055 quarta
999 995 1220 1056 denique,
1264 993 1470 1042 Zenobii
1514 992 1618 1058 epi-

125 1085 282 1128 tomen
307 1079 686 1145 proverbiorum
719 1081 937 1145 Didymi
965 1089 1015 1130 et
1048 1082 1285 1131 Tarrhaez'
1298 1102 1313 1130 :
1351 1086 1410 1131 de
1439 1084 1615 1145 quibus

125 1170 332 1234 singulis
355 1186 483 1218 nunc
506 1168 715 1218 breviter
737 1173 1007 1219 dicendum.

196 1352 245 1395 1.
270 1348 406 1395 Inter
428 1349 611 1396 codices
635 1349 989 1410 manuscriptos
1013 1350 1099 1411 qui
1122 1366 1165 1396 a.
1190 1349 1336 1401 1764.
1362 1367 1422 1397 ex
1446 1351 1618 1397 biblio-

126 1437 267 1485 theca
310 1437 609 1484 Jesuitarum
658 1438 1004 1486 Parisiensium
1052 1440 1103 1486 in
1151 1440 1616 1496 Meermannianam,

126 1526 298 1575 deinde
332 1543 375 1574 a.
403 1531 549 1574 1824.
574 1545 633 1575 ex
659 1529 1056 1577 Meermanniana
1091 1530 1143 1576 in
1175 1530 1490 1576 Bodleianam
1526 1530 1617 1576 im-

126 1616 417 1680 migrarunt,
453 1624 611 1665 exstat
641 1619 848 1675 libellus,
883 1621 1178 1675 chartaceus,
1207 1622 1384 1667 saeculo
1421 1619 1523 1666 XV
1560 1626 1617 1665 ut

127 1706 318 1752 videtur
358 1714 583 1769 vergente
625 1715 866 1763 exaratus,
907 1709 1115 1755 auctoris
1157 1715 1243 1754 aut
1289 1707 1616 1768 compilatoris

128 1794 272 1841 titulo
295 1811 476 1850 carens,
500 1796 612 1842 licet
635 1812 663 1842 a
688 1803 824 1858 tergo
848 1797 1049 1843 Zenobii
1078 1812 1253 1843 nomen
1276 1796 1615 1856 praescriptum

126 1891 280 1949 gerat,
315 1884 588 1946 bibliopego
622 1884 675 1930 ni
711 1885 854 1931 fallor
892 1886 1045 1931 facem
1083 1886 1372 1946 praeferente
1409 1885 1616 1947 catalogi

127 1974 388 2021 conditore.
450 1974 596 2020 Hunc
620 1973 774 2036 igitur
797 1974 1013 2020 libellum
1039 1990 1190 2034 quum
1215 1990 1372 2034 nuper
1395 1990 1501 2020 cum
1529 1974 1617 2020 Ze-

126 2063 272 2110 nobio
295 2063 575 2118 conferrem,
594 2063 760 2109 statim
777 2063 878 2109 vidi
902 2079 1022 2123 opus
1047 2079 1156 2109 cum
1181 2063 1275 2109 isto
1298 2063 1616 2125 grammatico

125 2156 281 2202 multa
303 2154 497 2215 quidem
522 2153 698 2199 habere
722 2153 1010 2207 communia,
1034 2168 1121 2198 nec
1144 2168 1296 2212 pauca
1320 2159 1482 2198 tamen
1506 2169 1617 2199 con-

106 2243 281 2313 'tinere
319 2258 527 2304 quorum
562 2242 705 2288 hodie
740 2243 870 2302 apud
904 2242 1110 2287 eundem
1148 2243 1338 2287 nullum
1371 2247 1616 2302 comparet

125 2332 400 2394 vestigium.
470 2332 573 2377 Nec
609 2333 751 2393 longe
789 2345 1070 2392 progressus
1107 2346 1195 2390 pro
1232 2337 1362 2376 certo
1398 2330 1616 2376 intellexi

126 2421 336 2467 codicem
373 2421 502 2466 hunc
541 2420 757 2481 ejusdem
795 2435 896 2465 esse
929 2418 1129 2465 familiae
1164 2425 1310 2479 atque
1347 2419 1388 2465 is
1423 2435 1484 2465 ex
1518 2435 1615 2480 quo

126 2510 436 2570 appendicem
482 2508 770 2555 Vaticanum
817 2507 968 2554 edidit
1014 2508 1257 2554 Schottus.
1350 2508 1541 2555 Scilicet
1587 2525 1617 2555 a

127 2599 327 2645 Schotto
351 2599 421 2645 ita
443 2614 519 2644 res
542 2605 737 2658 peracta
760 2604 860 2644 est:
897 2613 1064 2643 eorum
1100 2597 1480 2657 proverbiorum,
1503 2614 1614 2658 quae

125 2703 302 2750 magna
337 2704 398 2734 ex
431 2694 568 2748 parte
602 2703 712 2733 cum
746 2686 1035 2733 Zenobianis
1072 2686 1323 2732 convenire
1357 2694 1615 2746 repererat,

125 2778 352 2824 lectiones
386 2782 635 2837 excerptas
666 2776 1059 2822 annotationibus
1095 2776 1148 2821 in
1181 2775 1330 2821 istum
1361 2776 1616 2836 paroemio-

125 2868 367 2930 graphum
414 2864 714 2919 intertexuit,
761 2872 918 2912 cetera
963 2865 1138 2929 adagia
1194 2865 1247 2910 in
1303 2865 1615 2924 appendicem

127 2954 358 3017 conjecit:
382 2970 472 3016 ego
495 2959 662 3000 contra
685 2952 923 2999 diversam
947 2969 1144 3014 prorsus
1163 2953 1291 2999 viam
1314 2953 1438 2998 inire
1461 2953 1613 2998 satius

824 3046 854 3076 a
878 3034 908 3075 2
