1800 3250
195 214 236 255 vi
764 213 1120 256 PRAEFATIO.

197 331 548 393 verpiae'1612.
585 348 611 378 e
645 332 832 379 duobus
873 331 1115 378 codicibus
1155 331 1322 388 MSS„
1357 334 1508 380 altero
1543 332 1683 379 Palaa

198 421 315 477 tino,
368 423 518 468 altero
565 421 700 468 Petri
747 420 986 476 Pantini3
1041 421 1149 467 vide
1195 422 1300 483 eJus
1346 421 1682 482 praefationem

197 510 327 556 infra
366 526 413 570 p.
451 509 585 556 xviii.
658 510 759 556 Nos
807 509 925 556 alios
972 515 1070 556 tres
1112 509 1294 556 codices
1335 509 1681 557 adhibuimus:

197 598 391 653 scilicet,

232 688 275 734 b.
300 687 458 735 Vatic.
484 691 596 734 483.
735 703 764 733 a
788 687 958 733 Bastio
983 688 1225 733 collatum.

230 793 269 823 c.
294 777 491 823 Barocc.
518 779 631 828 219.
724 775 774 821 in
796 775 1100 821 Bibliotheca
1120 774 1386 821 Bodleiana
1408 781 1670 822 servatum.

229 882 276 928 g.
302 865 600 912 Grabianum
622 868 700 911 30.
730 864 846 911 item
870 864 920 910 in
947 864 1249 910 Bibliotheca
1274 863 1554 910 Bodleiana.

264 1047 309 1089 4.
346 1043 586 1090 Zenobius
620 1043 831 1103 primum
858 1040 1195 1104 typographiae
1231 1055 1320 1100 ope
1355 1041 1580 1104 vulgatus
1611 1047 1684 1088 est

197 1132 459 1178 Florentiae
484 1133 611 1192 apud
630 1132 662 1178 J
665 1138 832 1177 untam
855 1134 999 1182 1497.
1026 1133 1094 1186 4⁰,
1111 1129 1196 1189 qui
1219 1128 1342 1175 liber
1363 1135 1562 1190 propter
1583 1130 1685 1176 exi-

195 1221 342 1267 miam
366 1221 616 1267 raritatem
645 1236 741 1266 non
777 1220 1031 1266 Schottum
1054 1219 1197 1264 modo
1220 1218 1407 1273 fefellit,
1431 1220 1513 1265 sed
1537 1218 1683 1265 etiam

196 1309 492 1356 Fabricium.
549 1309 598 1355 Is
622 1324 968 1369 nonnunquam
994 1308 1045 1354 in
1071 1307 1371 1354 bibliothecis
1395 1307 1524 1354 inter
1546 1308 1681 1354 codd.

195 1399 401 1445 MSStos
430 1404 716 1451 recensetur,
741 1396 890 1442 veluti
918 1396 969 1441 in
993 1395 1324 1441 Laurentiana
1347 1397 1476 1456 apud
1501 1395 1685 1442 Bandi-

194 1489 330 1535 nium
357 1488 416 1534 T.
443 1489 510 1534 II.
546 1503 592 1548 p.
619 1490 732 1542 358,
757 1492 805 1532 et
836 1486 888 1531 in
923 1485 1202 1540 Bodleiana,
1228 1485 1381 1532 Catal.
1409 1485 1552 1532 MSS.
1577 1484 1684 1532 An-

192 1577 307 1640 gliae
332 1583 379 1623 et
406 1576 657 1622 Hiberniae
681 1591 726 1635 p.
752 1577 863 1620 118.
893 1590 939 1619 n.
967 1578 1115 1630 2290,
1143 1578 1219 1621 18.
1290 1575 1571 1621 Editionem
1593 1574 1685 1621 Al-

193 1665 374 1719 dinam,
403 1680 513 1724 quae
549 1680 645 1710 non
681 1664 963 1724 simpliciter
997 1664 1279 1719 Zenobium,
1315 1666 1397 1710 sed
1433 1664 1685 1724 proverbia

194 1753 402 1808 aliunde,
440 1753 650 1799 maxime
695 1769 719 1799 e
767 1753 931 1807 Suida,
968 1759 1193 1815 congesta
1234 1753 1465 1798 exhibens
1504 1753 1684 1814 AEsopo

194 1842 452 1903 subjuncta
486 1848 559 1886 est
593 1841 765 1888 Venet.
802 1845 948 1887 1505.
985 1844 1083 1897 fol„
1120 1841 1323 1887 subinde
1360 1841 1478 1887 citat
1514 1841 1684 1887 Schot-

194 1937 288 1985 tus,
317 1946 356 1976 v.
379 1947 427 1993 g.
455 1931 493 1976 Ι.
521 1933 598 1976 41.
635 1946 682 1990 p.
710 1933 824 1976 241.
851 1946 940 1992 ego
964 1946 1060 1975 non
1084 1930 1179 1975 nisi
1210 1930 1261 1975 in
1298 1930 1413 1976 locis
1449 1931 1682 1990 suspectis

194 2019 427 2072 consului,
451 2018 672 2078 idemque
696 2019 878 2065 dictum
903 2021 966 2065 sit
990 2021 1048 2065 de
1077 2021 1149 2065 ed.
1179 2019 1491 2082 Haganoensi
1518 2022 1680 2075 1535;
1713 2023 1718 2037 ¹

193 2113 398 2166 utraque
422 2107 550 2152 enim
575 2108 750 2166 pendet
778 2124 838 2153 ex
872 2107 1167 2163 Florentina,
1194 2123 1355 2167 quam,
1380 2123 1531 2167 quum
1556 2106 1682 2153 codi-

194 2195 261 2241 cis
284 2195 598 2254 manuscripti
624 2195 777 2241 instar
801 2196 880 2251 sit,
899 2213 1088 2242 summa
1106 2212 1214 2242 cum
1239 2212 1354 2242 cura
1376 2195 1681 2255 perlustravi,

194 2286 392 2346 ejusque
416 2284 640 2330 lectiones
665 2285 804 2330 litera
830 2285 871 2330 F
896 2285 1146 2331 distinctas
1182 2285 1361 2345 ubique
1395 2285 1448 2330 in
1483 2291 1684 2331 annota-

194 2373 407 2419 tionibus
442 2373 646 2432 reposui.
719 2374 1075 2419 Conferendum
1110 2389 1254 2433 porro
1279 2373 1443 2419 curavi
1471 2373 1681 2419 codicem

196 2461 513 2507 Parisiensem
542 2462 638 2523 (P.)
664 2479 710 2508 n.
738 2459 911 2512 3070b.
947 2462 1380 2516 membranaceum,
1417 2477 1528 2507 saec.
1556 2460 1680 2515 XII,

195 2550 295 2609 ipse
313 2550 539 2609 usurpavi
558 2550 874 2596 Harleianum
892 2551 1050 2596 Musei
1068 2550 1339 2596 Britannici
1356 2548 1679 2612 (H.)n.5663.

194 2638 280 2698 qui
303 2638 461 2684 nescio
477 2655 547 2703 an
571 2655 629 2684 ex
655 2639 914 2684 Parisiensi
940 2639 1207 2699 descriptus
1232 2639 1309 2685 sit.
1367 2637 1531 2684 Ambo
1555 2644 1681 2684 certe

195 2741 254 2770 ex
269 2727 433 2771 eodem
448 2726 580 2771 fonte
595 2734 867 2774 manarunt.
892 2727 1004 2773 Etsi
1019 2728 1192 2773 horum
1207 2728 1441 2773 librorum
1457 2741 1545 2786 ope
1564 2726 1683 2771 vitia

249 2860 271 2889 b
298 2861 480 2899 Titulus
471 2876 510 2900 m
530 2876 575 2900 eo
595 2863 725 2900 codice
748 2863 802 2900 sic
822 2877 907 2914 per·
961 2866 1120 2914 Ταρραίου
1148 2865 1204 2901 καὶ
1231 2866 1372 2912 Διδύμου
1399 2869 1575 2914 παροιμιῶν
1601 2881 1680 2902 συν-

196 2916 395 2954 scribitur:
429 2922 490 2963 Ζην
493 2918 578 2963 οβὀυ
612 2921 687 2954 ἐιτπ
688 2933 748 2965 ομη
778 2921 814 2954 ἐκ
844 2934 907 2954 των
963 2921 1101 2955 τεθεῖσα
1120 2920 1214 2956 κατὰ
1232 2922 1406 2966 στοιχεῖον.
