1852 3308
76 499 128 545 77

146 218 223 263 1v.

743 222 1025 266 ZENOBII.

1540 241 1625 285 329

145 357 322 402 στρατος
344 338 417 396 τὴν
438 337 662 403 παρρησίαν
683 337 806 387 αὐτοῦ
829 343 904 397 τῆς·
927 338 1099 397 δεκάτης
1123 339 1311 387 ἀτέλειαν
1328 339 1463 389 ἔδωκε.
1522 342 1627 391 ἰΚαὶ
1641 358 1679 390 A
1742 340 1746 343 ¹

144 413 192 463 ἔκ
211 413 355 463 τούτου
377 415 417 463 οἱ
439 420 632 476 Ἀθηναῖοι
655 422 709 484 τῇ
731 416 927 481 παροιμίᾳ
945 417 1183 482 ἐχρήσαντο.

212 490 408 541 ΚίῬΒΕιΣ
440 495 622 542 immin:
661 494 887 560 (Κύρβεις)
911 499 1128 543 καλοῦνται
1164 496 1274 559 παρὰ
1305 502 1390 548 τοῖς
1417 496 1630 555 Ἀθηναίοις

143 567 341 624 Ιισανίδες
366 570 559 635 τρίγωνοι,
584 572 623 620 ἔν
656 570 723 626 αἷς
749 571 843 626 τοὺς
876 570 1018 635 νόμους
1044 571 1283 637 ἀνέγραφον,
1307 571 1378 620 καὶ
1411 573 1488 627 τὰς
1521 575 1630 622 κατὰ

141 652 218 694 τόν
239 646 470 696 ἀδικούντων
491 648 703 714 τιμωρίας.

143 725 171 784 ἧ
191 723 392 789 παροιμία
413 724 583 790 εἴρηται.

774 648 877 698 ⁴Eael
900 650 1025 698 τοίνυν
1047 655 1122 697 τῶν
1141 649 1306 716 σφόδρα
1326 654 1632 717 πονηρευομένων

77 797 132 852 78
212 799 402 850 ῙΚΛΔὶΕι
446 802 471 851 ὅ
511 803 723 860 nutristis,
765 804 791 852 ὃ
828 803 883 853 Διὶ
930 806 1152 853 manen-iz
1194 805 1468 855 AinvoAuN:
1516 806 1631 868 Ai‘my

63 871 89 896 ο

143 884 344 945 παρῆλθεν
380 880 426 928 ἐκ
459 887 652 946 χρησμοῦ
692 882 913 942 Σιβύλλης
947 906 1021 943 της
1055 888 1333 949 Ἐρυθραιιςῆς.

1404 882 1512 950 Περὶ
1550 885 1632 951 γὰρ

143 957 355 1006 Φιλίππου
385 960 676 1023 μαντευομένη,
703 961 814 1023 μετὰ
848 961 919 1020 την
947 961 986 1009 ἐν
1014 961 1238 1026 Χαιρωνείᾳ
1271 963 1427 1026 μάχην,
1456 963 1503 1011 ‘rb
1541 961 1634 1016 ’ἔπος

144 1033 266 1085 εἶπεν.

340 1038 511 1097 Ἐπειδὴ
534 1039 573 1087 οἷ
591 1039 667 1102 μὲν
692 1043 884 1098 Ἀθηναῖοι
909 1037 980 1086 καὶ
1002 1038 1041 1086 οἷ
1062 1043 1244 1098 Θηβαῖοι
1268 1040 1503 1099 ἡττηθέντες
1525 1039 1634 1087 ἀπῶ-

1647 749 1679 781 Β

144 1124 274 1171 λοντο,
297 1113 504 1170 Φίλιππος
528 1117 570 1165 δὲ
593 1117 763 1175 νικήσας
784 1116 895 1180 μετὰ
925 1117 998 1175 την
1019 1119 1177 1181 μάχην,
1204 1117 1315 1171 εὖθὺς
1351 1116 1423 1165 ὑπὸ
1450 1122 1628 1166 Παυσα-
1647 1138 1677 1171 c

144 1190 226 1240 νίον
248 1191 458 1257 διεφθάρη.

213 1277 247 1299 m
397 1268 410 1287 ἱ
492 1269 505 1287 ἱ
574 1269 588 1288 Ι
793 1269 805 1287 Ι
1060 1270 1072 1287 Χ
1129 1270 1151 1288 ΡΙ
1355 1270 1368 1287 Ι

76 1283 132 1328 79
259 1273 411 1318 KomA
450 1291 505 1318 ΤΑ
543 1290 709 1319 emon:
744 1276 923 1334 Τιμαιος
963 1285 1092 1334 φησιν
1124 1293 1183 1319 οτι
1219 1293 1460 1336 προσιοντας
1493 1277 1635 1320 Πυθα-

201 1445 269 1486 ἱὲκ
297 1449 430 1499 τούτου]
459 1451 517 1486 καὶ
545 1451 584 1487 ὲκ
611 1453 727 1487 τούτου
748 1452 789 1489 P.
811 1451 862 1488 H.

146 1500 269 1540 fidem
290 1515 380 1541 mox
397 1504 457 1549 τὴν
474 1506 662 1554 παροιμίαν.

200 1553 225 1583 k
243 1559 375 1600 σανίδες
391 1558 550 1607 τρίγωνοι]
580 1558 784 1607 Triquetra?
804 1564 862 1596 ta-

147 1611 253 1649 bulae.
311 1609 375 1649 Sic
394 1610 596 1661 etPSuidas.
652 1612 745 1650 Non
763 1621 864 1651 recte

145 1665 264 1717 igitur
283 1664 469 1703 Erasmus
496 1667 659 1715 quadras
690 1666 863 1704 reddidit.

147 1717 344 1770 Apollonii
380 1719 566 1770 interpres
614 1719 650 1757 in
689 1720 755 1758 lib.
794 1721 863 1758 IV.

151 1772 283 1822 [280]
325 1772 536 1825 Argonaut.
576 1777 620 1811 Οἱ
656 1774 690 1811 δὲ
727 1776 865 1825 ἀκριβέ-

148 1842 256 1876 στεροι
284 1824 403 1871 ἄξονας
427 1827 491 1876 μὲν
508 1830 727 1879 τετραγῶνους
747 1830 864 1873 λίθους,

147 1882 276 1931 κύρβεις
302 1881 338 1919 δὲ
366 1885 544 1932 τριγώνους.
602 1882 665 1920 De
692 1884 866 1934 utrisque

149 1934 374 1973 Plutarchus
403 1934 443 1973 in
474 1936 629 1979 Solone,
654 1949 699 1974 ex
718 1938 863 1975 Aristo-

150 1988 251 2027 tele:
283 1997 323 2027 et
341 1989 478 2028 Pollux
499 1989 596 2028 libro
616 1991 729 2028 VIII.
753 1993 864 2029 Ono-

149 2041 310 2087 mastici,
349 2052 390 2081 et
435 2044 483 2082 de
531 2045 686 2083 vocibus
731 2045 867 2083 Atticis

148 2097 321 2135 Thomas
339 2097 528 2150 Magister
554 2099 595 2136 in
625 2098 715 2137 dict.
745 2098 865 2143 ἄξονες.

149 2151 360 2189 Geminum
381 2160 511 2191 autem
540 2152 777 2204 proverbium
803 2167 866 2191 su-

149 2218 230 2256 pra,
261 2208 371 2249 ·Ῑλιὰς
401 2211 522 2252 κακῶν,
554 2215 594 2245 et
623 2206 735 2251 infra,
766 2209 867 2258 Αέρνη

150 2264 272 2297 κακὸν.
302 2260 532 2298 SCHOTT.
584 2261 724 2299 Addidi
742 2264 870 2311 κύρβεις

150 2325 240 2351 cum
260 2313 308 2351 B.

205 2364 218 2393 1
238 2367 375 2415 Κλαίει]
397 2365 663 2419 Diogenianus
682 2381 770 2406 cum
791 2368 866 2406 Ze-

153 2419 270 2459 nobio
289 2420 495 2464 consentit.
516 2430 555 2459 et
573 2421 709 2473 placet.
740 2422 867 2460 Video

152 2482 282 2514 tamen
302 2474 486 2513 invertere
507 2476 732 2514 Chiliastem
746 2477 865 2514 Bata-

153 2541 241 2567 vum
271 2541 316 2567 ac
338 2529 423 2568 Jos.
456 2530 715 2582 Scaligerum:
750 2532 868 2568 Κλαίει

152 2585 168 2620 ὅ
187 2584 333 2629 νικηθεὶς,
349 2586 364 2620 ὅ
382 2584 417 2621 δὲ
436 2585 571 2630 νικήσας
588 2585 770 2622 ἀπόλωλεν.
806 2585 869 2622 De

153 2635 322 2688 Philippi
343 2638 446 2675 caede
466 2652 536 2676 nos
556 2638 727 2689 pluribus
748 2638 785 2675 in
804 2638 867 2676 Vi-

153 2691 205 2728 tis
241 2691 471 2743 comparatis
508 2693 669 2730 Aristot.
708 2701 748 2730 et
784 2693 866 2730 De-

154 2744 296 2784 masth.
317 2746 362 2783 ad
390 2745 544 2797 Olymp.
567 2746 675 2784 CXI.
709 2759 811 2784 anno
836 2759 869 2784 1.

155 2797 221 2837 ubi
238 2807 279 2837 et
292 2799 340 2837 de
356 2799 476 2838 altero
491 2799 614 2838 eidem
632 2801 680 2838 ab
694 2800 870 2852 Apolline

154 2852 245 2891 dato
265 2853 431 2898 oraculo,
453 2867 475 2891 e
492 2854 666 2892 Gemisto
681 2854 870 2893 Plethone

155 2905 222 2945 lib.
255 2907 309 2944 ῙῙ.
349 2916 519 2945 extremo
550 2912 770 2955 Ἑλληνικῶνε
807 2906 871 2946 ‘'E-

155 2977 304 2999 στετται
322 2961 384 3010 μὲν
402 2965 417 2999 ὅ
435 2967 562 3013 ταῦρος,
582 2961 653 3011 ἔχει
671 2963 775 3008 τέλος,
794 2961 870 3001 ἔστι

919 1450 947 1488 δ’
974 1453 988 1487 ὅ
1018 1453 1133 1489 θύσων.
1190 1451 1305 1489 Aliud
1337 1451 1427 1490 item
1447 1452 1634 1504 Apollinis

921 1504 1047 1556 Pythii
1073 1505 1267 1543 oraculum
1299 1506 1385 1544 huic
1414 1519 1490 1544 non
1522 1506 1634 1545 dissi-

920 1558 1011 1597 mile
1048 1567 1326 1597 commemorat
1363 1559 1464 1598 idem
1499 1560 1636 1599 Pletho

919 1620 1013 1650 extr.
1045 1612 1109 1651 lib.
1138 1614 1192 1652 II.
1223 1615 1542 1663 Παραλειπομένωνε
1572 1617 1638 1660 Ίῆς

919 1668 973 1704 ἐπὶ
991 1669 1192 1716 Θερμώδοντι
1209 1670 1324 1716 μάχης
1350 1670 1514 1706 ἀπάνευθε
1531 1671 1637 1718 γενοί-

920 1737 983 1768 μην
1002 1722 1116 1765 Αὲετὸς
1143 1725 1176 1758 ἐν
1201 1722 1371 1772 νεφέεσσι,
1396 1723 1454 1759 καὶ
1481 1723 1547 1772 ἦέρι
1576 1725 1635 1769 θη·-

918 1775 1086 1821 ἥσασθαι.
1145 1776 1265 1812 maia
1287 1778 1302 1812 ὁ
1329 1777 1475 1821 νικηθείς·
1503 1779 1518 1814 ὅ
1537 1776 1571 1814 δὲ
1591 1780 1637 1815 νί-

920 1845 1027 1875 κησας
1045 1828 1212 1867 ἀπόλωλε.
1242 1829 1471 1867 SCHOTT.

976 1889 1009 1910 ¹¹¹
1030 1883 1144 1932 Κοινὰ]
1166 1883 1354 1921 Timaeum
1382 1883 1476 1921 citat
1500 1891 1540 1922 et
1559 1883 1635 1921 La-

923 1935 1038 1975 'e'rtius
1077 1945 1284 1981 auctorem,
1322 1937 1361 1975 in
1408 1938 1635 1989 Pythagora.

923 1989 1059 2029 Cicero
1087 2004 1239 2042 quoque
1273 1990 1368 2029 libro
1399 1991 1430 2029 I.
1466 1993 1518 2041 [c.
1551 1992 1631 2040 12.]

923 2045 971 2082 de
999 2044 1196 2096 Legibus:
1247 2046 1362 2088 Unde,
1398 2045 1535 2096 inquit,
1568 2047 1637 2083 illa

924 2100 1175 2148 Pythagorica
1204 2113 1275 2137 vox
1288 2115 1301 2136 .·
1345 2102 1399 2136 Τὰ
1436 2104 1501 2136 τῶν
1532 2107 1638 2150 φιλων

922 2155 1039 2191 mmai?
1068 2153 1244 2204 Amplius
1275 2153 1444 2205 Agellius
1476 2152 1574 2191 libro
1604 2154 1637 2190 Ι.

923 2208 1042 2245 Noct.
1074 2207 1190 2246 Attio.
1220 2220 1304 2258 cap.
1335 2220 1375 2258 9.
1410 2209 1554 2253 Omnes,
1581 2206 1640 2244 in-

923 2261 1022 2311 quit,
1046 2263 1168 2304 simul,
1203 2263 1267 2311 qui
1294 2275 1319 2299 a
1350 2262 1570 2310 Pythagora
1600 2263 1639 2298 in

924 2316 1108 2352 cohortem
1127 2317 1232 2352 illam
1259 2317 1535 2365 disciplinarum
1558 2314 1640 2365 (alii

924 2370 1187 2418 discipulorum
1200 2388 1214 2414 ‚-
1243 2382 1315 2421 ego
1340 2371 1539 2418 disciplinae
1557 2382 1638 2406 ma-

923 2422 1009 2471 lim)
1040 2425 1177 2472 recepti
1209 2429 1328 2467 erant,
1362 2425 1460 2472 quod
1490 2425 1640 2472 quisque

911 2477 1075 2526 samiliae
1106 2479 1341 2527 pecuniaeque
1378 2478 1560 2515 habebant
1601 2479 1640 2514 in

923 2533 1082 2568 medium
1110 2532 1263 2577 dabant,
1291 2537 1328 2568 et
1356 2532 1523 2568 coibatur
1544 2533 1638 2568 soci-

924 2590 1003 2621 etas
1022 2586 1301 2634 inseparabilis,-
1332 2591 1519 2634 tamquam
1547 2586 1640 2622 illud

912 2638 1037 2688 fuerit
1066 2641 1260 2688 antiquum
1287 2642 1519 2684 consortium,
1544 2641 1641 2690 quod

924 2695 962 2729 in
982 2706 1023 2730 re
1045 2692 1136 2745 (leg.
1149 2693 1256 2741 jure)
1285 2699 1396 2743 atque
1423 2695 1531 2731 verbo
1561 2694 1639 2730 Ro-

925 2759 1035 2785 mano
1054 2749 1315 2797 appellabatur
1332 2749 1492 2792 κοινόβιον.
1549 2747 1638 2783 Por-

926 2800 1077 2853 phyrius
1109 2815 1261 2852 quoque
1293 2801 1470 2839 Malchus
1502 2799 1539 2836 in
1566 2800 1636 2849 Py-

926 2856 1097 2907 thagorae
1114 2855 1192 2893 vita
1211 2856 1259 2894 de
1277 2859 1357 2906 ejus
1377 2852 1608 2892 auditoribus
1625 2867 1633 2888 :

925 2909 1024 2947 Οὗτοι
1056 2910 1114 2946 καὶ
1146 2912 1211 2953 τὰς
1241 2912 1351 2951 οὐσίας
1380 2909 1487 2950 κοινὰς
1514 2905 1635 2944 ἔθεντο.

924 2964 980 3001 Et
1015 2963 1249 3001 lamblichus
1286 2962 1350 3000 lib.
1381 2962 1412 2998 I.
1451 2972 1534 3011 cap.
1570 2971 1636 3007 30.

1031 3041 1057 3067 o
1078 3041 1108 3067 u
