1846 3302
799 236 1170 279 PROVERBIA
1586 237 1734 278 Cau-r.

238 249 327 293 390

237 350 298 416 μὴ
333 350 405 411 τὴν
435 349 613 417 ῥάκωσιν
639 358 712 401 τοῦ
748 352 940 417 σώματος
972 353 1140 418 ἐλέγξῃ,
1173 348 1240 398 τὸν
1272 350 1417 415 λύχνον
1450 349 1788 408 ἀποσβέσασαΑ

239 428 343 489 εἷπε,
367 431 518 479 ΧΑἳΡΕ
542 430 681 479 ΦὶΛοΝ
708 433 806 479 ΦᾶΣ.

306 508 535 557 meimu’
561 509 708 557 dmin:
745 506 861 567 Ai'rrn
893 503 1240 570 ἀποφθεγματικὴ
1271 504 1397 564 ἐστὶν,
1422 507 1473 560 ὥς
1497 506 1553 555 τὰ
1574 529 1736 573 παραγ-

1636 590 1737 634 Ἁλ-

775 663 1064 727 Ὰριστοὸήμου
1095 668 1166 711 τοῦ
1202 662 1522 727 Λακεδαιμονίου
1552 664 1735 730 εἰρῆσθαι

167 528 222 572 43

236 589 435 653 γέλματα
470 593 543 635 τῶν
579 588 684 635 ἒᾶττόι
720 592 866 646 σοφῶν.
939 584 1161 646 Μέμνηται
1197 583 1325 643 αὐτῆς
1347 583 1564 651 Πίνδαρος.

238 672 352 720 καῒος
374 666 416 713 δὲ
440 668 458 713 o‘
481 663 650 724 ποιητὴς
674 664 746 712 ὑπὸ

238 744 389 803 ταύτην
411 742 553 805 φησίν.
1750 762 1782 795 Β

1455 820 1544 870 Διὰ
1577 819 1624 868 τό
1659 821 1736 876 τὰς

1483 897 1495 915 *
1558 897 1737 963 ὴεεσμὸν

1146 898 1318 947 Βέλτιον
1364 898 1406 950 δὲ
1452 919 1518 946 τον

165 846 225 888 44
304 823 584 870 meonpfm
621 821 818 869 Anszuz
855 826 955 875 Τοῖς
978 826 1220 874 ἕπυκτικοῒς
1245 820 1384 883 ἱμᾶσι.

236 903 390 966 σάρκας
435 898 664 947 διακόπτειν
709 897 777 946 καὶ
823 898 1072 947 ἀναλίσκειν.

233 979 404 1038 ἀκούειν,
430 976 496 1026 τὸν
520 976 892 1043 ἀποβιβρῶσκοντα
911 979 964 1025 τὼ
988 983 1120 1041 χεῖρε.
1196 977 1371 1036 4Εὸεήθη
1392 976 1475 1042 ’γὰρ
1499 975 1538 1028 ἐ’ν,
1558 998 1635 1025 τινι
1662 998 1736 1026 πε-

233 1058 356 1124 τραίῳ
379 1056 638 1122 Στησίχορος
663 1056 870 1121 εὖναρχεῒν
892 1061 966 1103 τῶν
990 1054 1054 1103 ἐπὶ
1079 1053 1262 1103 ἰΠελίαν
1285 1054 1428 1103 ἄθλων.

302 1136 519 1184 kX06N1A
556 1135 752 1183 AorTPA:
789 1135 857 1182 Τὰ
892 1140 977 1187 τοῖς
1012 1139 1161 1198 νεκροῖς
1199 1131 1486 1197 ἐπιφερόμενα.
1560 1133 1778 1198 4Εκομ,ι’--()

162 1156 218 1201 45

234 1222 323 1274 ζετο
347 1215 428 1280 γὰρ
454 1212 519 1262 ἐπὶ
543 1213 636 1267 τοὺς
660 1215 818 1274 τάφους
842 1214 1006 1277 λουτρά.

300 1292 615 1342 ῙΧΕιΡάΝΕιοΝ
655 1290 830 1339 ἓΛΚοΣε
867 1289 927 1338 Τὸ
951 1289 1029 1338 ἀπὸ
1052 1296 1210 1349 πολλῆς
1235 1291 1421 1345 στάσεως
1454 1290 1493 1339 ἐν
1516 1297 1604 1345 τοῖς
1636 1289 1735 1340 ποσὶ

163 1302 219 1353 46

290 1458 303 1482 s
320 1458 494 1508 ΧρήματἼ
537 1456 835 1507 Apophthegma
883 1456 956 1493 hoc

232 1512 385 1551 Thaleti
417 1510 550 1550 tribuit
579 1510 771 1554 Laertius,
805 1508 955 1547 Aristo-

233 1569 347 1606 demo
381 1574 424 1604 ιη
456 1566 520 1604 hic
558 1565 768 1608 Zenobius‚
802 1563 956 1602 Pindari

235 1621 478 1665 Scholiastes,
518 1619 584 1658 sed
624 1618 840 1671 Chrysippi,
876 1631 955 1656 non

234 1675 350 1715 Alcaei
372 1675 613 1718 auctoritate,
635 1674 683 1712 ad
703 1673 768 1711 illa
788 1673 828 1711 in
849 1674 951 1711 Isth-

234 1731 379 1777 miacis,
401 1730 488 1768 Oda
511 1743 547 1768 2.
579 1733 648 1766 Νῦν
674 1732 700 1766 δ’
729 1730 842 1780 ἐφίητι
872 1745 952 1778 τωρ-

232 1789 320 1835 ’γεῖου
351 1783 504 1836 φυλάξαι
536 1786 661 1831 Ῥῆμα,
700 1786 757 1829 τῆς
793 1785 954 1829 ἀληθείας

234 1840 394 1889 ἄγχιστα
424 1841 549 1886 βαῖνον,
585 1839 768 1886 Χρήματα,
804 1838 950 1887 χρήματ’

232 1897 323 1944 ἀνήρ.
383 1895 472 1932 Huc
499 1893 593 1931 illud
614 1893 740 1931 Flacci
772 1892 951 1944 pertinet,

235 1948 389 1987 Pindari
408 1947 561 1986 aemuli:
598 1949 665 1985 Nil
689 1949 781 1985 satis
807 1952 873 1990 est,
895 1948 952 1984 in-

234 2006 326 2052 quit,
362 2005 426 2053 qui
464 2005 560 2041 tanti
593 2007 773 2052 quantu-m
804 2003 952 2047 habeas,

231 2061 291 2096 sis.
348 2059 434 2096 Nec
463 2057 558 2096 illud
580 2057 751 2109 ejusdem
777 2055 950 2094 abludit:

232 2115 429 2162 quaerenda
452 2114 612 2162 pecunia
629 2113 804 2160 primum,
831 2111 955 2148 Virtus

227 2173 312 2216 post
332 2179 509 2205 nummos.
542 2165 771 2203 SCHOTT.

287 2229 309 2257 g
327 2226 487 2263 ποκτικοῒς
506 2220 640 2268 εἵμασι]
661 2219 876 2257 Mendosus
895 2219 950 2255 ni-

234 2274 306 2312 mis
326 2275 388 2313 hic
408 2275 515 2312 locus
536 2282 574 2311 et
593 2282 803 2317 truncatus,
826 2286 849 2310 a
873 2286 950 2323 quo

234 2328 373 2367 idcirco
404 2328 575 2380 plerique
610 2341 745 2365 manus
776 2326 949 2364 abstinu-

234 2392 360 2429 erunt,
378 2383 474 2421 forte
490 2382 591 2432 quod
612 2382 829 2433 depositum
849 2381 951 2419 exis-

234 2438 425 2476 timarent.
486 2439 680 2481 Erasmus,
704 2450 751 2475 ne
778 2436 871 2474 nihil
893 2435 951 2474 di-

234 2506 320 2530 cere
355 2491 557 2536 videretur,
594 2493 837 2529 Ponticarum
875 2504 951 2529 ves-

236 2549 325 2584 tium
347 2546 475 2584 nescio
495 2560 588 2597 quas
610 2547 779 2584 manicas
798 2545 950 2597 excogi-

234 2600 340 2643 tavit,
372 2609 414 2638 ut
441 2606 607 2644 Ποντικοῖς
638 2600 775 2652 legisse
804 2601 949 2644 credas,

235 2669 303 2706 pro
318 2655 473 2706 vulgato
494 2654 559 2692 illo
578 2660 748 2699 ποκτικοῖς.
779 2656 951 2693 Joannes

237 2710 463 2760 Hartungus
483 2714 655 2753 κοπτικοῒς,
672 2723 740 2760 pro
754 2711 951 2747 scindenti-

235 2766 299 2802 bus
317 2765 487 2806 vinculis,
504 2762 539 2800 id
562 2771 620 2801 est
635 2763 761 2809 arctis,
779 2764 952 2802 tentabat

233 2818 400 2857 Decuria
416 2818 548 2869 prima,
566 2831 649 2867 cap.
670 2829 704 2855 2.
740 2818 949 2862 Locorum,

235 2873 362 2924 itaque
409 2871 513 2910 Gilb.
563 2873 762 2923 Cognatus
818 2871 949 2909 edidit.

238 2928 378 2966 Paulus
399 2940 486 2965 vero
505 2926 731 2977 Leopardus
753 2925 864 2962 tertio
883 2939 951 2976 pe-

233 2983 323 3020 datu
355 2981 468 3034 longe
501 2979 646 3019 felicius
672 2993 718 3018 ex
744 2980 950 3031 Hesychio,

233 3045 272 3075 et
293 3035 451 3081 Varino,
472 3040 636 3080 πυκτικοῒς
655 3039 773 3084 ἱμᾶσιν
792 3048 861 3086 pro
877 3048 952 3084 pu-

1010 1456 1130 1504 gilum
1159 1456 1323 1493 cce-stibus
1351 1453 1416 1493 lib.
1438 1454 1486 1492 V.
1517 1453 1734 1494 Miscellan.

1012 1523 1096 1561 cap.
1121 1522 1183 1548 20.
1202 1509 1397 1561 quomodo
1417 1515 1457 1547 et
1477 1507 1517 1547 in
1539 1508 1735 1548 Vaticanis

1013 1565 1200 1616 scripturn
1236 1563 1468 1602 membranis
1505 1562 1735 1604 invenimus.

1013 1618 1223 1670 Sequentia
1258 1618 1358 1656 haud
1393 1617 1474 1656 scio
1508 1618 1583 1657 huc
1614 1619 1735 1670 perti-

1013 1682 1142 1717 neant,
1179 1687 1227 1711 an
1267 1681 1396 1711 assuta
1434 1673 1526 1711 sint.
1595 1674 1734 1712 Suidas

1013 1727 1105 1766 nihil
1140 1727 1203 1766 hic
1233 1727 1319 1780 opis
1353 1727 1495 1774 attulit,
1529 1726 1601 1766 nisi
1629 1729 1732 1779 quod

1008 1785 1212 1833 χειροβρῶτα
1231 1784 1350 1831 δεσμὸν
1369 1782 1422 1820 ait
1441 1794 1527 1821 esse
1545 1785 1561 1819 ὅ
1579 1785 1732 1834 ἀποβρῶ-

1009 1855 1095 1875 σκων
1115 1843 1161 1874 τῶ
1190 1842 1290 1886 χεῖρε.
1323 1837 1555 1875 SCHOTT.
1611 1854 1733 1875 πυκτι-

1009 1897 1074 1935 κοῖς
1094 1897 1194 1942 ἱμᾶσι
1214 1893 1260 1929 Α.
1282 1905 1370 1930 cum
1393 1890 1602 1943 Hesychlo.

1065 1945 1087 1974 h
1107 1945 1244 1995 δεσμὸν]
1267 1947 1300 1984 δὲ
1321 1947 1376 1984 τὸν
1395 1947 1516 1994 δεσμὸν
1534 1948 1581 1984 Α.

1064 1999 1074 2028 i
1107 2001 1252 2050 Πελίαν]
1285 2002 1398 2039 Πελία
1426 2002 1479 2039 Η.
1531 2001 1733 2039 Postrema

1010 2055 1137 2093 saltim
1158 2054 1356 2107 ingeniose
1370 2054 1530 2105 corrigit
1546 2055 1733 2095 Schneid-

1011 2110 1158 2148 ewinus
1178 2110 1225 2147 ad
1247 2108 1350 2161 Ibyci
1373 2109 1507 2162 fragm.
1529 2123 1567 2160 p.
1588 2110 1676 2160 169.
1693 2114 1733 2154 ὥς

1009 2165 1204 2215 Στησίχορος
1242 2168 1274 2201 ἐν
1312 2167 1400 2214 ἀρχῇ
1435 2169 1499 2201 τῶν
1531 2165 1584 2201 ἐπὶ
1620 2166 1732 2212 Πελίᾳ

1008 2218 1132 2256 ἄθλων.

1064 2271 1086 2301 k
1116 2272 1257 2322 Χθόνια]
1279 2272 1375 2311 Tale
1403 2285 1512 2323 aquae
1540 2272 1730 2311 lavacrum

1009 2328 1169 2365 mortuis
1189 2327 1346 2365 allatum
1369 2327 1527 2378 arferial
1555 2327 1730 2366 nomina·

1009 2383 1117 2426 bant,
1139 2390 1294 2420 auctore
1322 2382 1439 2420 Festo
1461 2381 1663 2434 Pompeio,
1684 2395 1729 2420 ac

1008 2436 1206 2475 Glossario
1233 2445 1384 2475 vetere:
1418 2436 1522 2487 quod
1550 2437 1727 2475 observa-

1009 2491 1072 2535 vit,
1095 2504 1143 2529 ne
1163 2491 1375 2530 describere
1394 2504 1520 2543 cogar,
1538 2504 1583 2529 ex
1604 2491 1727 2542 Hesy-

1007 2547 1107 2590 chio,
1137 2546 1290 2584 Valerio
1326 2544 1647 2597 Harpocmfione,
1683 2558 1728 2584 ac

1008 2600 1139 2644 Suida,
1167 2602 1225 2639 10.
1247 2599 1440 2639 Meursius
1472 2601 1531 2638 De
1561 2599 1726 2638 Funeri-

1008 2656 1079 2693 bus
1101 2655 1217 2693 Rom.
1234 2669 1316 2707 cap.
1337 2666 1396 2703 14.
1412 2663 1451 2692 et
1466 2653 1727 2692 Ioan.Kirch-

1010 2723 1172 2752 mannus
1184 2709 1252 2748 lib.
1262 2710 1332 2748 IV.
1347 2722 1429 2760 cap.
1440 2720 1480 2756 4.
1495 2707 1726 2746 SCHOTT.

1061 2763 1073 2791 Ῑ
1092 2765 1290 2814 Χειρῶνειον]
1314 2763 1454 2802 Paulus
1474 2762 1671 2815 AEglneta,
1689 2771 1728 2801 et

1007 2819 1235 2857 Eustathius
1268 2818 1455 2871 ejusmodi
1495 2818 1622 2856 ulcera
1655 2830 1727 2855 no-

1008 2873 1171 2918 minant,
1218 2883 1261 2911 ut.
1308 2873 1479 2910 Chirone
1527 2870 1728 2911 medicinae

1007 2926 1238 2978 perimissimo
1276 2927 1498 2979 indigentia.
1556 2926 1727 2965 Galenus

1006 2982 1075 3031 περὶ
1095 2984 1331 3031 θεραπευτικῶν
1348 2981 1482 3030 μεθόδου
1509 2981 1599 3020 inde
1624 2981 1728 3020 dicta

1009 3034 1073 3079 ait,
1094 3035 1199 3086 quod
1214 3036 1305 3074 talia
1319 3036 1466 3088 primus
1485 3036 1614 3075 ulcera
1633 3035 1726 3074 Chi-
