1846 3302
69 519 122 564 97

68 745 123 800 98

67 1059 122 1102 99

42 1219 123 1249 100

136 235 188 277 V.

137 350 388 414 πιζόμενοι,’
375 373 488 400 ενεκα
507 357 575 400 τοῦ
612 358 775 400 λευκοῧν
802 351 892 405 τοὺς
917 349 1089 405 ὃὸὅντας·
1125 350 1216 415 παρ’
1242 373 1260 398 ο
1279 373 1346 398 και
1370 373 1463 405 τους
1485 351 1662 399 τοισιν-Α

137 451 229 483 TUUS*
253 450 586 477 ΣΧΙΝΟΤΡΩΚΤΑΣ
611 430 811 493 λεγουσιν.

694 250 697 251 ’
734 236 1013 279 ZENOBII.

1526 245 1611 292 375

205 505 409 555 ΓΣΕῙΡΗΝ
436 505 527 555 mim
551 528 686 555 omen
711 507 948 563 ΑΓΓέΑΛΕι,
974 507 1143 556 acinon
1169 504 1225 553 Al}
1258 506 1481 554 ΜέΛιΣΣΑε
1519 513 1614 555 Σει-

135 590 234 648 ρῆνα
267 585 381 647 λε’γει
416 585 458 632 οὗ
492 591 567 632 τῶν
601 584 742 631 ἀδίκων
773 585 962 648 παρθένων
988 583 1099 646 μίαν,
1128 584 1241 631 ἀλλὰ
1273 590 1362 642 ζῶον
1399 583 1613 649 ὖπόπτερον

677 659 688 676 Ν

135 660 324 726 μελίσσῃ
348 660 485 717 ἕοικός,
508 662 558 714 ὥς
582 670 709 722 φησιν
732 663 1057 726 ΒἉριστοτὲλης.

204 739 368 786 ιΣοφοὶ
393 739 611 786 animuum
636 740 722 786 ΤᾶΝ
749 739 887 786 ΣοΦᾶΝ
914 736 1168 785 trum-sim:
1199 739 1333 786 Τοῦτο
1357 739 1658 800 ΣοφοκλέουςΒ

137 815 247 863 ε’στιν
271 815 313 871 ἔξ
336 815 508 869 Αἴαντος
531 822 600 863 τοῦ
623 822 787 880 Λοκροῦ·
826 818 1006 863 Πλάτων
1029 816 1071 864 δὲ
1104 815 1322 881 Εὖριπῖδου
1355 815 1484 877 φησὶν
1514 814 1611 864 εἶναι

135 890 181 940 τό
204 893 407 955 ἰαμβεῖον.

134 970 175 1017 οἱ
194 992 371 1028 ποιηται.

202 1045 325 1095 ”Em
354 1068 406 1095 ΔΕ
431 1069 534 1095 ΘΕοΙ
562 1048 795 1096 ΜΑΚΑΡΕΣΞ
819 1054 949 1096 Τοῦτο
976 1048 1228 1112 ἐπιλέγουσιν
1251 1071 1284 1096 οι
1277 1049 1493 1115 ’ῥαψῳῧομ

478 893 562 941 Καὶ
591 893 697 941 οὐδὲν
726 893 968 957 θαυμαστόν·
1007 892 1286 956 συμπίπτουσι
1309 895 1389 959 γὰρ
1412 895 1614 955 ἀλλήλοις

1532 1055 1613 1104 Ὧς

136 1146 204 1172 και
227 1147 262 1172 οι
253 1123 500 1190 “κιθαρωὸοι,
528 1124 647 1172 ἈΛΛ’
673 1123 792 1174 ΧΝΑΞ
820 1125 943 1172 ΜᾸΑΑ
968 1145 1117 1173 ΧΑῙΡΕ.

203 1200 415 1250 νΣιιϊίᾞιιτ
439 1221 684 1250 ΕΠΑῙΝΕῙΣ·
713 1201 828 1260 Αυτη
852 1209 924 1249 τῶν
947 1202 1036 1250 κατ’
1062 1202 1244 1262 ἔλλειψιν
1260 1204 1480 1268 λεγομένων
1502 1204 1609 1253 ἐστι’.

133 1278 193 1326 Τὸ
217 1280 259 1327 δὲ
281 1286 433 1344 πλῆρες
456 1279 542 1343 ’ἔχει
568 1278 702 1335 οῧτως,

187 1434 346 1483 ι’Σειρ>ην]
378 1434 542 1471 Versum
572 1432 648 1471 suis
678 1431 842 1470 restitui-

132 1501 219 1526 mus
248 1487 438 1525 numeris:
471 1489 579 1538 Σειρὴν
598 1489 761 1536 ἀγγέλλει
784 1487 843 1536 φί-

131 1549 198 1586 λον,
231 1540 330 1585 ξεῖνον
359 1543 393 1578 δὲ
430 1543 596 1589 μέλισσα.
655 1541 845 1578 Recenset

131 1595 350 1646 Apostolius
370 1603 408 1632 et
428 1594 562 1632 Suidas
590 1594 842 1645 proverbium,

133 1649 324 1699 additque,
345 1649 452 1697 σειρὴν
469 1650 545 1695 ζῶόν
570 1653 644 1685 ἐστι
671 1648 840 1697 κηροποιόν.

134 1703 179 1740 In
202 1701 395 1753 Hesychio
415 1704 502 1752 σείρη
528 1715 595 1752 pro
624 1703 730 1751 σειρὴν
749 1701 841 1752 legi-

133 1764 205 1801 tur,
227 1755 299 1794 nisi
320 1756 524 1793 mendosus
543 1755 662 1794 codex
680 1763 749 1793 est.
781 1756 842 1792 De

133 1809 326 1848 Sirenibus
358 1823 446 1847 vero
477 1809 684 1860 virginibus
722 1808 843 1846 multa

131 1864 308 1914 praeclare
337 1862 512 1901 Laevinus
539 1862 764 1901 Torrentius
794 1863 840 1900 ad

131 1918 204 1968 Ep.
218 1917 256 1956 ii.
279 1918 343 1955 lib.
360 1919 392 1955 1.
415 1916 580 1954 Horatii.
611 1917 840 1954 SCHOTT.

183 1977 198 1993 ⁸
230 1971 473 2022 Ἀριστοτέλης]
511 1971 597 2008 Vid.
632 1970 734 2008 Hist.
766 1971 839 2007 An.

131 2026 205 2063 IX.
227 2037 294 2073 40.

183 2079 200 2106 t
219 2079 333 2128 Σοφοὶ]
365 2077 472 2115 Vidit
499 2079 573 2116 hoc
606 2085 645 2115 et
670 2076 839 2129 Agellius

129 2131 193 2170 lib.
206 2133 319 2170 X111.
334 2131 516 2169 Noctium
534 2131 650 2170 Attio.
671 2144 754 2182 cap.
777 2141 837 2180 17.

129 2198 213 2237 quae
246 2186 376 2224 eadem
412 2185 620 2237 Sophocles
657 2192 696 2223 et
726 2185 837 2222 Euri-

127 2239 234 2290 pides
253 2239 466 2277 extulerint.
522 2240 593 2276 Est
616 2248 745 2277 autem
775 2239 838 2277 hic

129 2292 301 2331 senarius
327 2292 523 2343 Euripidis
552 2292 709 2329 nomine
736 2293 837 2342 apud

129 2347 326 2384 Platonem
365 2345 461 2383 libro
501 2346 611 2383 VIII.
652 2346 699 2383 de
736 2346 836 2396 Rep.

134 2399 192 2450 [p.
228 2400 306 2449 568
340 2400 408 2448 Β.]
447 2408 485 2436 et
519 2399 556 2436 in
587 2399 743 2450 Theage
778 2401 835 2448 [p.

134 2463 205 2503 125
229 2455 295 2502 Β.]
326 2452 472 2490 Vitiose
491 2452 618 2503 itaque
637 2451 673 2489 in
691 2451 837 2503 Agellio

128 2506 317 2558 hodieque
345 2506 541 2545 excuditur
576 2507 615 2543 in
656 2507 837 2543 Theaeteto

130 2574 198 2612 pro
227 2560 266 2598 in
303 2562 459 2608 Theage,
490 2568 533 2597 ut
562 2568 662 2597 recte
689 2559 838 2597 monuit

129 2615 320 2652 Erasmus.
377 2615 468 2651 Non
502 2613 684 2651 dissimile
712 2621 770 2650 est
790 2613 835 2650 il-

128 2668 192 2705 lud
230 2667 421 2718 Euripidis
460 2667 498 2704 in
540 2667 669 2704 Rheso
711 2667 837 2704 consi-

130 2721 244 2759 iium:
277 2726 382 2772 Σοψοῧ
408 2725 483 2769 παρ’
512 2721 619 2770 ἀνδρὸς
646 2722 707 2769 χρὴ
738 2720 837 2770 σοφόν

129 2791 161 2811 τι
193 2777 379 2821 μανθάνειν.
436 2774 489 2810 Et
522 2772 718 2824 singularis
745 2773 835 2811 Plu-

129 2827 249 2864 tarchi
271 2826 590 2871 Commentarius,
610 2826 659 2864 ὅτι
678 2831 838 2875 μάλιστα

128 2886 195 2924 τοῖς
226 2882 364 2930 ἡγεμόσι
397 2884 449 2918 δεῖ
481 2881 535 2917 τὸν
571 2880 752 2930 φιλόσοφον
789 2884 835 2918 δι·

127 2937 293 2983 ηγεῒσθαι.
344 2933 508 2984 Reposui
529 2941 653 2972 autem
676 2934 738 2972 hic
758 2951 835 2971 συν-

128 2991 235 3035 ουσίᾳ,
257 3001 325 3038 pro
345 3001 420 3038 quo
444 2987 640 3039 Haganoae
667 2991 838 3026 συνουσίαν

898 1434 1056 1472 editum.
1106 1433 1334 1471 SCHOTT.
1387 1435 1484 1473 Mox
1521 1435 1611 1474 dedi

898 1491 1046 1537 ἰαμβεῖον
1065 1501 1133 1539 pro
1154 1489 1297 1535 ι’άμβιον.

956 1551 975 1571 ¹¹
997 1545 1060 1579 Σὺν
1092 1542 1126 1579 δὲ
1159 1542 1236 1589 θεῷ]
1268 1541 1415 1580 Vitiose
1448 1544 1610 1582 antehac

898 1596 1042 1635 editum
1069 1599 1131 1632 Σὺν
1154 1595 1188 1632 δὲ
1214 1597 1277 1632 θεοὶ
1305 1600 1464 1646 μάκαρες,
1525 1597 1608 1636 Nos

898 1654 959 1698 θεῷ
997 1649 1242 1686 restituimus.
1300 1650 1353 1686 Et
1391 1651 1431 1687 in
1474 1650 1607 1690 iisdem

898 1702 1126 1742 membranis
1161 1703 1348 1740 Romanis
1383 1704 1476 1751 μέγα
1510 1710 1608 1755 χαῖρε

896 1758 1102 1810 legebatur,
1136 1764 1179 1793 ut
1216 1756 1326 1794 Plato
1362 1761 1472 1794 πολλὰ
1509 1762 1608 1796 εἰπεῖν

896 1815 1032 1861 χαίρειν.
1103 1809 1298 1848 Lucianus
1345 1823 1431 1848 vero
1475 1815 1608 1863 μάκραν

894 1868 1019 1915 χαίρειν
1037 1866 1143 1913 λέγειν
1157 1863 1264 1902 dixit.
1286 1864 1513 1903 SCHOTT.
1544 1868 1606 1904 θεοι

897 1920 940 1957 Ρ.
965 1919 1018 1956 Η.
1040 1919 1124 1956 edd.
1147 1926 1236 1956 vett.
1256 1931 1343 1955 cum
1365 1917 1494 1957 Suida.

950 1981 970 2000 V
989 1973 1118 2017 Σαυτὴν
1146 1973 1300 2020 ἐπαινεῖς]
1331 1971 1477 2016 Suidas‚
1500 1980 1540 2011 et
1559 1985 1604 2010 ex

896 2040 941 2065 eo
985 2025 1203 2076 Apostolius
1242 2025 1388 2077 integre
1427 2026 1604 2078 adagium

894 2079 1031 2124 attulit,
1050 2088 1088 2116 et
1103 2078 1314 2130 arrogantis
1334 2079 1603 2130 inscriptionis,

894 2134 1055 2184 ideoque
1076 2133 1291 2184 repudiatae,
1313 2133 1428 2172 hosce
1445 2147 1600 2172 versus:

895 2186 964 2225 Εἶθ’
995 2186 1060 2236 ἐγῶ
1093 2191 1126 2224 ἐν
1151 2189 1259 2230 κείνοις
1287 2187 1436 2236 γενόμην,
1461 2186 1481 2233 ἢ
1509 2192 1603 2225 κεῖνοι

893 2242 953 2290 ἅμ’
973 2243 1063 2289 ἡμῖν,
1084 2245 1130 2277 Οἱ
1155 2243 1311 2290 γλώσσης
1337 2243 1470 2291 τερπνῆς
1489 2246 1604 2291 πρότα

893 2298 1015 2333 δοκοῦσι
1034 2296 1153 2345 φέρειν.
1200 2298 1261 2338 Ὧς
1279 2298 1330 2331 ἐπ’
1349 2296 1502 2340 ἀληθείης
1519 2296 1603 2345 ἐκρί-

893 2351 948 2394 θην
967 2349 1103 2398 ἀφεθεὶς
1118 2350 1334 2397 παράμιλλος·
1364 2350 1435 2385 Νὺν
1453 2348 1487 2385 δὲ
1505 2348 1605 2398 χρόνῳ

892 2404 1068 2450 παρέχουσ)
1085 2418 1128 2443 οις
1145 2401 1258 2451 φθόνος
1274 2405 1334 2447 οὐχ
1353 2401 1482 2439 ἕπεται.
1524 2402 1604 2439 Ad-

888 2454 974 2506 jicit
1010 2454 1231 2515 Apostolius
1271 2455 1519 2492 Philemonem
1557 2455 1602 2493 iis

893 2507 1064 2551 comicis,
1101 2507 1165 2557 qui
1204 2508 1315 2558 hujus
1350 2509 1601 2560 arrogantiam

893 2561 929 2599 in
961 2574 1073 2599 scena
1098 2560 1291 2599 irriserint.
1349 2561 1515 2600 Adhibet
1532 2563 1602 2600 Ju-

893 2614 1015 2652 lianus
1046 2616 1145 2665 Imp.
1170 2615 1296 2665 Epist.
1320 2615 1366 2653 ad
1388 2615 1598 2654 Basilium:

891 2670 1058 2714 Ἐπήνεσα
1087 2671 1153 2717 γὰρ
1190 2669 1334 2715 ἐμαυτὸν
1366 2673 1406 2712 ὡς
1432 2672 1602 2707 Ἀστυδά·

890 2739 968 2771 μας.
1025 2722 1150 2759 Vatic.
1186 2721 1247 2759 hic
1277 2721 1400 2772 εἴρηται
1433 2722 1599 2774 praefert,

892 2788 961 2826 pro
991 2776 1169 2824 λεγομένων
1202 2778 1288 2813 ἐστι’.
1344 2776 1398 2813 Et
1431 2788 1519 2813 mox
1549 2775 1602 2813 ita

893 2837 1002 2867 sanat
1018 2829 1168 2867 locum:
1189 2832 1326 2879 γράψας
1341 2845 1390 2865 ουν
1404 2831 1602 2878 ἐπίγραμμα

891 2886 906 2920 o‘
923 2883 1139 2929 Ἀστυδάμας
1157 2898 1282 2919 επαινον
1302 2898 1375 2928 εχον
1397 2885 1513 2918 ἑαυτου
1540 2886 1601 2919 ἀν-

891 2937 1023 2985 ἤνεγκεν
1049 2938 1101 2974 ἐπι
1130 2952 1188 2981 την
1214 2936 1343 2980 βουλήν.
1374 2935 1601 2974 SCHOTT.

894 2989 963 3027 vid.
979 2989 1149 3027 Meinek.
1166 2989 1213 3026 ad
1231 2987 1444 3026 Philemon.
1459 3002 1495 3039 p.
1507 3000 1600 3038 425.

1623 1140 1655 1174 C
